3167 5125
1239 490 1519 545 ...ῃ-.-

357 610 582 699 magis
609 612 910 682 auctoris
941 611 1428 681 demonstrant
1457 614 1912 703 impietatem,
1956 636 2165 703 quam
2202 616 2392 687 invo-

358 717 664 788 cationes
714 718 908 787 seriae
947 718 1240 789 deorum
1289 720 2010 809 dearumqffiffidemss
2026 730 2387 793 testantur.

357 826 458 893 Ne
487 826 718 893 omnia
755 846 1262 907 recenseamuS,
1296 828 2004 916 gravissimatantum
2034 837 2105 899 et
2135 850 2389 919 propo-

360 932 496 1000 sito
524 934 909 1004 necessaria
937 933 1106 1003 libet
1138 934 1404 1009 afferre.

458 1040 686 1109 Multis
738 1042 1150 1112 testimoniis
1185 1038 1576 1131 accepimus
1628 1043 2188 1133 augustissimam
2230 1044 2419 1112 reli--

360 1146 639 1235 gionem
670 1168 709 1215 a
743 1148 1093 1237 plebicolis
1130 1148 1200 1218 in
1235 1148 1532 1237 petenda
1563 1149 1957 1238 tuendaque
1981 1151 2391 1221 auctoritate

358 1255 892 1324 contaminatam
943 1255 1330 1341 fuisse„qui
1393 1253 1781 1323 sacerdotes
1810 1254 1938 1322 sibi
1972 1255 2281 1323 vocando
2315 1256 2385 1325 in

361 1358 774 1443 subsidium,
798 1362 990 1433 falsis
1009 1361 1326 1441 oraculis,
1355 1360 1702 1433 ementitis
1728 1363 2087 1451 portentis,
2116 1362 2389 1453 plebem

361 1466 703 1535 moderari
731 1474 798 1537 et
834 1468 903 1535 in
937 1468 1200 1537 ditione
1229 1468 2157 1545 suaretinereconabantur.
2193 1470 2387 1549 Quod

348 1575 493 1662 jam
520 1572 608 1645 de
636 1575 1115 1655 Themistocle,
1146 1573 1679 1650 Atheniensibus
1704 1574 2039 1646 suadente
2064 1584 2143 1645 ut
2174 1596 2385 1645 naves

359 1680 826 1751 conscendant
849 1688 918 1751 et
945 1682 1192 1771 ligneis
1223 1680 1576 1752 confidant
1609 1681 1992 1763 moenibus,
2028 1689 2297 1753 constat
2334 1688 2385 1764 ¹,

359 1808 792 1857 successores
813 1789 1232 1877 ejusimitati
1259 1794 1444 1857 sunt.
1469 1788 1627 1857 Cleo
1655 1788 1937 1877 quidem
1963 1790 2386 1859 voluntatem

360 1892 650 1971 deorum
675 1896 930 1985 saepius
955 1895 1311 1963 ambitioni
1339 1916 1483 1963 suae
1513 1896 2004 1983 praetendebat,
2038 1905 2107 1966 et
2136 1919 2387 1989 magno

359 2000 683 2069 Minervae
725 2003 1007 2071 nomine
1039 2002 1370 2073 adversus
1407 2004 1625 2092 plebis
1665 2004 2193 2077 inconstantiam
2236 2015 2388 2075 ute-

359 2105 561 2174 batur
595 2112 646 2175 2.
681 2108 881 2177 Hunc
914 2109 1122 2199 igitur
1150 2132 1304 2178 cum
1334 2111 1831 2201 Aristophanes
1862 2132 2231 2203 aggressus
2255 2124 2383 2191 est,

362 2234 502 2281 non
542 2215 886 2283 immerito
917 2216 1224 2285 fabulam
1255 2210 1449 2285 suam
1479 2238 1558 2285 ex
1592 2220 2062 2287 commentitia
2094 2220 2209 2287 illa
2236 2222 2385 2289 reli-

359 2322 568 2408 gione
595 2328 664 2391 et
695 2322 964 2393 lucrosa
989 2324 1236 2413 pietate
1266 2324 1729 2413 locupletavit.
1766 2326 1881 2393 Cui
1912 2326 2382 2398 venerandum

361 2428 680 2497 Minervae
718 2450 977 2499 numen
1021 2431 1114 2497 ita
1167 2430 1532 2499 admiscuit
1565 2435 1618 2510 3,
1672 2438 1749 2498 ut
1792 2452 1911 2520 pro
1947 2433 2201 2500 nostris
2239 2434 2387 2522 opi-

362 2533 686 2603 nionibus
727 2535 1170 2606 irreverentia
1217 2537 1286 2604 in
1328 2536 1524 2606 deam
1583 2558 1722 2607 non
1758 2538 2039 2606 omnino
2080 2546 2386 2621 vacaret,

357 2641 905 2748 Atheniensibus
936 2663 1101 2713 vero
1138 2645 1486 2712 innoxiam
1531 2666 1657 2714 nec
1694 2646 1921 2713 omnis
1963 2647 2230 2734 pietatis
2269 2665 2388 2714 ex·-

359 2754 624 2836 pertem
677 2749 947 2819 ridendi
1001 2751 1470 2840 suppeditaret
1522 2753 1877 2826 materiam
1904 2777 1921 2832 ;
1987 2773 2145 2820 nam
2212 2755 2390 2822 inter

359 2854 854 2934 cavillationes,
902 2857 1292 2925 rusticiores
1319 2859 1687 2947 aliquando
1718 2866 1787 2928 et
1826 2861 2137 2948 personis
2174 2861 2387 2950 aptis-

359 2961 609 3043 simaS,
646 2963 869 3032 elucet
897 2964 1447 3052 quodammode,
1488 2967 1625 3034 leni
1661 2967 1797 3036 risu
1834 2973 2231 3055 temperata,
2269 2989 2389 3036 ve-

360 3069 624 3137 neratio
663 3069 774 3137 his
815 3075 1056 3156 Populi
1097 3071 1408 3140 versibus
1442 3073 1509 3138 4:
2432 3087 2435 3089 “

720 3249 834 3312 Οἴει
863 3255 967 3334 γάρ
1003 3251 1214 3311 οἰκεῖσθ’
1249 3251 1312 3312 ἂν
1349 3253 1429 3312 ἔτι
1455 3253 1610 3317 τήνδε
1638 3261 1732 3317 τὴν
1761 3257 1941 3332 πόλιν,

719 3355 783 3408 Εἰ
812 3358 883 3430 μή
913 3361 1138 3430 φανερῶς
1163 3357 1305 3430 ἡμῶν
1334 3354 1579 3430 ὑπερεῖχε
1609 3359 1705 3417 τήν
1734 3357 1946 3432 χύτραν
1970 3373 1984 3427 3

359 3551 500 3620 Etsi
545 3550 904 3622 recentiori
943 3552 1179 3622 lectori
1220 3555 1474 3624 nimius
1515 3553 1600 3624 de
1666 3577 1915 3646 magno
1974 3555 2120 3627 deae
2178 3555 2389 3648 digito

423 3771 440 3805 ¹
481 3775 697 3830 Hauon«,
725 3775 830 3828 vn.
861 3775 970 3824 ¹41.
999 3777 1290 3838 Cf..Ams·1·.‚
1309 3778 1498 3840 Πρώτη
1532 3780 1667 3838 1040,
1699 3779 2123 3843 ubiPaphlagon,
2150 3784 2265 3832 Cleo
2288 3786 2397 3831 sci-s

361 3853 490 3914 licet,
537 3854 678 3902 illius
715 3855 908 3914 oraculi
949 3859 1421 3916 auctoritategsuam
1466 3861 1743 3908 coufirmat.
1781 3863 1885 3910 Non
1920 3864 2069 3912 aliter
2094 3865 2413 3924 botulos-ius„

360 3945 409 3980 v,
447 3934 585 3982 1049.

417 4010 442 4046 ²
483 4017 678 4080 Senon,
713 4018 900 4081 aquit..
935 4022 1075 4071 1203.

419 4094 444 4128 ³
485 4099 605 4154 1080
633 4101 682 4146 et
701 4112 818 4158 aeq..
851 4157 854 4160 ⁴

420 4172 446 4208 ⁴
490 4176 628 4224 1175.
