3167 5125
1191 523 1508 576 -131-

332 645 585 714 deinde
612 653 845 738 aperte
872 646 1382 736 aggrederetur,
1410 663 1642 711 mores
1670 646 1930 732 priscos
1959 667 2000 713 a
2027 649 2358 736 religione

329 753 613 840 antiqua
646 753 1053 842 segregavit,
1085 771 1261 839 quos
1284 771 1559 839 semper
1607 750 1850 819 iisdem
1903 753 2146 820 extulit
2211 755 2356 822 lau-

332 857 560 927 dibus.
592 856 1110 947 Superstitionis
1148 857 1355 924 simul
1404 863 1610 944 atque
1641 857 2125 947 philosophiae,
2157 863 2358 928 novis

331 966 641 1052 utrisque
690 964 936 1031 studiis
986 963 1389 1030 adversatus
1436 970 1567 1043 est,
1612 965 1771 1051 quia
1809 971 2172 1053 utramque
2201 987 2352 1035 cor-

330 1069 735 1159 rumpendae
767 1069 1147 1158 disciplinae
1170 1069 1399 1138 favere
1429 1056 1741 1137 credidit.

416 1179 768 1266 Impiusne
797 1176 926 1242 fuit
976 1176 1467 1264 Aristophanes
1495 1177 2024 1246 Atheniensium
2057 1177 2340 1266 judiciO,

330 1304 473 1354 non
505 1297 745 1359 ἀσεεείας
768 1282 1051 1370 quidem
1076 1283 1343 1348 crimini
1375 1283 1738 1362 obnoxius,
1783 1283 1904 1350 sed
1933 1285 2026 1350 ita
2058 1289 2132 1351 ut
2171 1305 2355 1373 spec-

330 1396 589 1458 tatores
624 1391 1142 1457 irreverentiam
1192 1388 1579 1455 fabularum
1630 1389 2094 1478 intelligerent
2131 1396 2198 1458 et
2222 1393 2354 1458 im-

330 1499 589 1586 pietate
618 1518 745 1564 sua
774 1503 1227 1565 excusarent?
1258 1496 1579 1564 Perlectis
1621 1496 1868 1564 iterum
1909 1503 2171 1577 AvibuS,
2202 1519 2356 1586 quae

331 1624 680 1672 summam
754 1603 1235 1691 Aristophanei
1296 1603 1550 1691 ingenii
1599 1604 2060 1672 maturitatem
2114 1625 2249 1692 prae
2280 1625 2354 1673 se

329 1712 585 1788 ferunt,
624 1731 763 1778 non
797 1729 1081 1798 possum
1110 1711 1277 1795 quin
1323 1708 2258 1798 affirmando-respondeam.
2290 1721 2322 1764 ’ἒ

422 1819 683 1905 Impius
751 1817 958 1904 igitur
1015 1823 1445 1902 posterorum
1476 1815 1734 1903 judicio
1771 1817 1900 1882 crit
1958 1817 2346 1895 habenduS,

329 1933 401 1992 et
433 1925 776 2010 insignem
810 1923 993 1987 illius
1028 1922 1245 1988 {etatis
1272 1922 1341 1986 in
1368 1921 1704 2008 religiosis
1737 1929 1810 1988 ut
1847 1923 1915 1987 in
1945 1924 2188 1990 ceteris
2215 1923 2352 1990 effi-

328 2033 513 2120 giem
556 2029 891 2116 expressit
923 2053 935 2093 :
976 2029 1064 2092 ita
1099 2034 1321 2092 tamen
1356 2035 1431 2092 ut
1457 2027 1770 2114 impietas
1802 2027 1912 2092 illa
1941 2049 2064 2116 pro
2099 2031 2358 2116 perspi-

328 2138 513 2204 cacia
539 2143 606 2202 et
646 2135 981 2223 sapientia
1025 2139 1455 2212 numeretur,
1494 2153 1628 2220 qua
1677 2134 2084 2221 Epicharmi,
2121 2137 2351 2202 Xeno-

329 2245 625 2332 phanis,
668 2242 963 2308 Socratis
1014 2261 1287 2326 quoque
1337 2241 1822 2308 renovantium
1881 2242 2202 2330 temporis
2254 2243 2358 2308 sui

328 2349 584 2429 studia,
624 2346 1075 2418 elaboraverit
1107 2348 1171 2411 in
1208 2339 1435 2433 opere,
1485 2351 1553 2412 et
1598 2367 1719 2433 pro
1765 2367 1890 2412 sua
1924 2348 2100 2413 virili
2133 2355 2346 2434 parte,

328 2458 808 2526 rationabilem
846 2455 1270 2543 religionem,
1306 2454 1620 2520 Asiaticis
1649 2453 1852 2518 simul
1889 2459 1958 2519 et
1983 2453 2352 2520 Hellenicis

328 2573 687 2655 purgatam
720 2562 1088 2642 erroribuS,
1124 2561 1577 2628 constituerit.

423 2674 591 2749 Quia
634 2672 899 2761 propria
940 2688 1063 2735 sua
1090 2667 1513 2755 professione
1553 2684 1691 2732 non
1721 2666 1940 2733 voluit
1981 2682 2050 2734 τὰ
2083 2678 2360 2735 σπουδαῖα

330 2780 606 2850 excludi
648 2776 1009 2853 comoedia,
1058 2775 1304 2841 seriam
1358 2774 1534 2840 hanc
1587 2774 1828 2839 saltem
1881 2773 2356 2863 Aristophanei

330 2886 563 2975 operis
593 2890 855 2974 partem
888 2883 975 2949 sit
1010 2881 1207 2949 venia
1230 2881 1633 2947 illustrasse.

692 3221 819 3276 Vidi
844 3236 913 3273 ac
942 3217 1179 3289 perlegi.

514 3336 884 3395 Lutet.'Paris
935 3334 996 3387 in
1025 3332 1297 3396 Sorbona,

448 3472 526 3511 vu
566 3456 683 3510 kal.
726 3456 836 3508 oct.
871 3468 965 3507 an.
999 3462 1353 3506 uncccnxxx.
1436 3464 1443 3472 ¹

334 3591 553 3647 Facult.
586 3590 781 3643 Litter.
813 3590 875 3641 in
901 3584 1067 3639 Acad.
1104 3584 1275 3637 Paris.
1304 3578 1553 3641 decanus,

775 3706 837 3760 H.
874 3701 1183 3757 WALLON.

1484 3830 1656 3903 Typis
1685 3830 2005 3915 mandetur.

1230 3968 1541 4033 Academiae
1574 3975 1896 4028 Parisiensis
1929 3974 2060 4027 Vice
2084 3974 2298 4041 Rector,

1655 4087 1958 4175 GREARD„
