<?xml version="1.0" encoding="UTF-8"?>
<!DOCTYPE html PUBLIC "-//W3C//DTD XHTML 1.0 Transitional//EN"
    "http://www.w3.org/TR/xhtml1/DTD/xhtml1-transitional.dtd">
<html xmlns="http://www.w3.org/1999/xhtml" xml:lang="en" lang="en">
 <head>
  <title>
</title>
<meta http-equiv="Content-Type" content="text/html;charset=utf-8" />
  <meta name='ocr-system' content='tesseract 3.04.00' />
  <meta name='ocr-capabilities' content='ocr_page ocr_carea ocr_par ocr_line ocrx_word'/>
</head>
<body>
  <div class='ocr_page' id='page_1' title='image "./aristophanesimp01hildgoog_0076.png"; bbox 0 0 3167 5125; ppageno 0'>
   <div class='ocr_carea' id='block_1_1' title="bbox 728 489 2802 4021">
    <p class='ocr_par' dir='ltr' id='par_1_1' title="bbox 1604 489 1886 544">
     <span class='ocr_line' id='line_1_1' title="bbox 1604 489 1886 544; baseline -0.007 -12"><span class='ocrx_word' id='word_1_1' title='bbox 1604 519 1673 532; x_wconf 92' lang='lat'>....</span> <span class='ocrx_word' id='word_1_2' title='bbox 1709 489 1780 544; x_wconf 72' lang='lat'>60</span> <span class='ocrx_word' id='word_1_3' title='bbox 1819 519 1886 530; x_wconf 73' lang='grc'>.-</span> 
     </span>
    </p>

    <p class='ocr_par' dir='ltr' id='par_1_2' title="bbox 728 601 2778 1772">
     <span class='ocr_line' id='line_1_2' title="bbox 728 601 2773 704; baseline -0.002 -24"><span class='ocrx_word' id='word_1_4' title='bbox 728 613 863 682; x_wconf 73' lang='lat' dir='ltr'><strong>111ae</strong></span> <span class='ocrx_word' id='word_1_5' title='bbox 908 603 1525 682; x_wconf 77' lang='lat' dir='ltr'>commentationes</span> <span class='ocrx_word' id='word_1_6' title='bbox 1580 615 1750 682; x_wconf 82' lang='lat' dir='ltr'>etin</span> <span class='ocrx_word' id='word_1_7' title='bbox 1810 601 2152 704; x_wconf 84' lang='lat' dir='ltr'>plerisque</span> <span class='ocrx_word' id='word_1_8' title='bbox 2177 610 2596 702; x_wconf 81' lang='lat' dir='ltr'>probabileS,</span> <span class='ocrx_word' id='word_1_9' title='bbox 2648 630 2773 700; x_wconf 91' lang='lat' dir='ltr'>pa-</span> 
     </span>
     <span class='ocr_line' id='line_1_3' title="bbox 731 718 2765 812; baseline -0.001 -26"><span class='ocrx_word' id='word_1_10' title='bbox 731 739 885 788; x_wconf 90' lang='lat' dir='ltr'>rum</span> <span class='ocrx_word' id='word_1_11' title='bbox 926 739 1053 788; x_wconf 92' lang='lat' dir='ltr'>nos</span> <span class='ocrx_word' id='word_1_12' title='bbox 1074 727 1378 789; x_wconf 91' lang='lat' dir='ltr'>movent.</span> <span class='ocrx_word' id='word_1_13' title='bbox 1402 721 1576 788; x_wconf 89' lang='lat' dir='ltr'>Illud</span> <span class='ocrx_word' id='word_1_14' title='bbox 1601 722 1787 790; x_wconf 85' lang='lat' dir='ltr'>enim</span> <span class='ocrx_word' id='word_1_15' title='bbox 1821 741 1944 812; x_wconf 90' lang='lat' dir='ltr'>pro</span> <span class='ocrx_word' id='word_1_16' title='bbox 1969 723 2153 788; x_wconf 84' lang='lat' dir='ltr'>certo</span> <span class='ocrx_word' id='word_1_17' title='bbox 2181 718 2581 787; x_wconf 88' lang='lat' dir='ltr'>habendum</span> <span class='ocrx_word' id='word_1_18' title='bbox 2613 722 2765 784; x_wconf 85' lang='lat' dir='ltr'>est:</span> 
     </span>
     <span class='ocr_line' id='line_1_4' title="bbox 733 823 2772 916; baseline -0.002 -22"><span class='ocrx_word' id='word_1_19' title='bbox 733 825 863 894; x_wconf 88' lang='lat' dir='ltr'>sub</span> <span class='ocrx_word' id='word_1_20' title='bbox 900 827 1139 894; x_wconf 88' lang='lat' dir='ltr'>Bacchi</span> <span class='ocrx_word' id='word_1_21' title='bbox 1180 827 1387 895; x_wconf 90' lang='lat' dir='ltr'>simul</span> <span class='ocrx_word' id='word_1_22' title='bbox 1430 833 1635 916; x_wconf 88' lang='lat' dir='ltr'>atque</span> <span class='ocrx_word' id='word_1_23' title='bbox 1676 825 1986 895; x_wconf 88' lang='lat' dir='ltr'>Herculis</span> <span class='ocrx_word' id='word_1_24' title='bbox 2021 825 2306 893; x_wconf 92' lang='lat' dir='ltr'>nomine</span> <span class='ocrx_word' id='word_1_25' title='bbox 2355 829 2474 892; x_wconf 90' lang='lat' dir='ltr'>aut</span> <span class='ocrx_word' id='word_1_26' title='bbox 2526 823 2772 891; x_wconf 86' lang='lat' dir='ltr'>habitu</span> 
     </span>
     <span class='ocr_line' id='line_1_5' title="bbox 732 929 2772 1023; baseline -0.002 -24"><span class='ocrx_word' id='word_1_27' title='bbox 732 933 1128 1022; x_wconf 81' lang='lat' dir='ltr'>apparuisse</span> <span class='ocrx_word' id='word_1_28' title='bbox 1148 934 1220 1000; x_wconf 85' lang='lat' dir='ltr'>in</span> <span class='ocrx_word' id='word_1_29' title='bbox 1242 954 1445 1002; x_wconf 87' lang='lat' dir='ltr'>scena</span> <span class='ocrx_word' id='word_1_30' title='bbox 1476 953 1864 1023; x_wconf 81' lang='lat' dir='ltr'><strong>personam,</strong></span> <span class='ocrx_word' id='word_1_31' title='bbox 1893 933 2068 1000; x_wconf 87' lang='lat' dir='ltr'>infra</span> <span class='ocrx_word' id='word_1_32' title='bbox 2089 940 2368 1000; x_wconf 86' lang='lat' dir='ltr'>servum</span> <span class='ocrx_word' id='word_1_33' title='bbox 2397 929 2772 998; x_wconf 89' lang='lat' dir='ltr'>ridiculum</span> 
     </span>
     <span class='ocr_line' id='line_1_6' title="bbox 734 1037 2770 1131; baseline -0.001 -25"><span class='ocrx_word' id='word_1_34' title='bbox 734 1039 1005 1128; x_wconf 84' lang='lat' dir='ltr'>ignavia</span> <span class='ocrx_word' id='word_1_35' title='bbox 1030 1046 1097 1108; x_wconf 93' lang='lat' dir='ltr'>et</span> <span class='ocrx_word' id='word_1_36' title='bbox 1144 1042 1403 1131; x_wconf 79' lang='lat' dir='ltr'>ineptia</span> <span class='ocrx_word' id='word_1_37' title='bbox 1464 1041 1890 1120; x_wconf 89' lang='lat' dir='ltr'>collocatam,</span> <span class='ocrx_word' id='word_1_38' title='bbox 1937 1041 2027 1107; x_wconf 90' lang='lat' dir='ltr'>ita</span> <span class='ocrx_word' id='word_1_39' title='bbox 2077 1045 2154 1105; x_wconf 90' lang='lat' dir='ltr'>ut</span> <span class='ocrx_word' id='word_1_40' title='bbox 2201 1037 2384 1106; x_wconf 88' lang='lat' dir='ltr'>inter</span> <span class='ocrx_word' id='word_1_41' title='bbox 2416 1037 2770 1106; x_wconf 78' lang='lat' dir='ltr'>tenebrosi</span> 
     </span>
     <span class='ocr_line' id='line_1_7' title="bbox 736 1145 2773 1236; baseline -0.001 -23"><span class='ocrx_word' id='word_1_42' title='bbox 736 1146 999 1214; x_wconf 89' lang='lat' dir='ltr'>itineris</span> <span class='ocrx_word' id='word_1_43' title='bbox 1016 1147 1596 1236; x_wconf 86' lang='lat' dir='ltr'>periculaservus,</span> <span class='ocrx_word' id='word_1_44' title='bbox 1632 1149 1758 1216; x_wconf 86' lang='lat' dir='ltr'>etsi</span> <span class='ocrx_word' id='word_1_45' title='bbox 1781 1147 2055 1235; x_wconf 89' lang='lat' dir='ltr'>ineptus</span> <span class='ocrx_word' id='word_1_46' title='bbox 2081 1150 2149 1213; x_wconf 89' lang='lat' dir='ltr'>et</span> <span class='ocrx_word' id='word_1_47' title='bbox 2167 1145 2500 1225; x_wconf 82' lang='lat' dir='ltr'>scurriliS,</span> <span class='ocrx_word' id='word_1_48' title='bbox 2537 1145 2773 1234; x_wconf 85' lang='lat' dir='ltr'>specie</span> 
     </span>
     <span class='ocr_line' id='line_1_8' title="bbox 738 1251 2766 1342; baseline -0.002 -21"><span class='ocrx_word' id='word_1_49' title='bbox 738 1254 1034 1342; x_wconf 90' lang='lat' dir='ltr'>quadam</span> <span class='ocrx_word' id='word_1_50' title='bbox 1082 1255 1360 1323; x_wconf 89' lang='lat' dir='ltr'>virtutis</span> <span class='ocrx_word' id='word_1_51' title='bbox 1405 1261 1473 1324; x_wconf 88' lang='lat' dir='ltr'>et</span> <span class='ocrx_word' id='word_1_52' title='bbox 1510 1255 1939 1334; x_wconf 71' lang='lat' dir='ltr'>constantiae,</span> <span class='ocrx_word' id='word_1_53' title='bbox 1987 1253 2329 1320; x_wconf 85' lang='lat' dir='ltr'>Bacchum</span> <span class='ocrx_word' id='word_1_54' title='bbox 2365 1251 2766 1340; x_wconf 84' lang='lat' dir='ltr'>quemdam,</span> 
     </span>
     <span class='ocr_line' id='line_1_9' title="bbox 741 1359 2774 1450; baseline -0 -23"><span class='ocrx_word' id='word_1_55' title='bbox 741 1361 887 1428; x_wconf 87' lang='lat' dir='ltr'>sive</span> <span class='ocrx_word' id='word_1_56' title='bbox 918 1361 1124 1429; x_wconf 92' lang='lat' dir='ltr'>deum</span> <span class='ocrx_word' id='word_1_57' title='bbox 1164 1362 1311 1430; x_wconf 89' lang='lat' dir='ltr'>sive</span> <span class='ocrx_word' id='word_1_58' title='bbox 1360 1363 1607 1440; x_wconf 90' lang='lat' dir='ltr'>civem,</span> <span class='ocrx_word' id='word_1_59' title='bbox 1643 1360 2091 1450; x_wconf 86' lang='lat' dir='ltr'>superaverit.</span> <span class='ocrx_word' id='word_1_60' title='bbox 2125 1361 2309 1428; x_wconf 89' lang='lat' dir='ltr'>Num</span> <span class='ocrx_word' id='word_1_61' title='bbox 2344 1359 2494 1428; x_wconf 91' lang='lat' dir='ltr'>sine</span> <span class='ocrx_word' id='word_1_62' title='bbox 2522 1359 2774 1448; x_wconf 90' lang='lat' dir='ltr'>impie-</span> 
     </span>
     <span class='ocr_line' id='line_1_10' title="bbox 740 1465 2771 1558; baseline 0 -24"><span class='ocrx_word' id='word_1_63' title='bbox 740 1473 879 1536; x_wconf 85' lang='lat' dir='ltr'>tate</span> <span class='ocrx_word' id='word_1_64' title='bbox 915 1475 1115 1556; x_wconf 88' lang='lat' dir='ltr'>poeta</span> <span class='ocrx_word' id='word_1_65' title='bbox 1154 1469 1373 1558; x_wconf 88' lang='lat' dir='ltr'>potuit</span> <span class='ocrx_word' id='word_1_66' title='bbox 1419 1467 1894 1538; x_wconf 88' lang='lat' dir='ltr'>venerandum</span> <span class='ocrx_word' id='word_1_67' title='bbox 1927 1469 2020 1534; x_wconf 89' lang='lat' dir='ltr'>ita</span> <span class='ocrx_word' id='word_1_68' title='bbox 2071 1465 2458 1535; x_wconf 83' lang='lat' dir='ltr'>deformare</span> <span class='ocrx_word' id='word_1_69' title='bbox 2484 1487 2771 1546; x_wconf 91' lang='lat' dir='ltr'>nomen,</span> 
     </span>
     <span class='ocr_line' id='line_1_11' title="bbox 741 1571 2778 1666; baseline 0 -25"><span class='ocrx_word' id='word_1_70' title='bbox 741 1581 809 1642; x_wconf 86' lang='lat' dir='ltr'>et</span> <span class='ocrx_word' id='word_1_71' title='bbox 838 1575 1337 1645; x_wconf 87' lang='lat' dir='ltr'>dubitationem</span> <span class='ocrx_word' id='word_1_72' title='bbox 1380 1571 1662 1666; x_wconf 86' lang='lat' dir='ltr'>injicere</span> <span class='ocrx_word' id='word_1_73' title='bbox 1701 1575 2049 1644; x_wconf 87' lang='lat' dir='ltr'>mentibus</span> <span class='ocrx_word' id='word_1_74' title='bbox 2098 1580 2328 1642; x_wconf 90' lang='lat' dir='ltr'>utrum</span> <span class='ocrx_word' id='word_1_75' title='bbox 2386 1573 2474 1642; x_wconf 88' lang='lat' dir='ltr'>de</span> <span class='ocrx_word' id='word_1_76' title='bbox 2516 1573 2646 1642; x_wconf 89' lang='lat' dir='ltr'>deo</span> <span class='ocrx_word' id='word_1_77' title='bbox 2685 1595 2778 1642; x_wconf 89' lang='lat' dir='ltr'>an</span> 
     </span>
     <span class='ocr_line' id='line_1_12' title="bbox 742 1681 2412 1772; baseline 0 -24"><span class='ocrx_word' id='word_1_78' title='bbox 742 1681 829 1750; x_wconf 88' lang='lat' dir='ltr'>de</span> <span class='ocrx_word' id='word_1_79' title='bbox 860 1683 1132 1751; x_wconf 87' lang='lat' dir='ltr'>mortali</span> <span class='ocrx_word' id='word_1_80' title='bbox 1165 1683 1474 1752; x_wconf 86' lang='lat' dir='ltr'>convicia</span> <span class='ocrx_word' id='word_1_81' title='bbox 1504 1684 1621 1750; x_wconf 89' lang='lat' dir='ltr'>illa</span> <span class='ocrx_word' id='word_1_82' title='bbox 1651 1684 1912 1772; x_wconf 90' lang='lat' dir='ltr'>prolata</span> <span class='ocrx_word' id='word_1_83' title='bbox 1943 1683 2129 1750; x_wconf 81' lang='lat' dir='ltr'>sint?</span> <span class='ocrx_word' id='word_1_84' title='bbox 2406 1682 2412 1686; x_wconf 83' lang='lat'>&#39;</span> 
     </span>
    </p>

    <p class='ocr_par' dir='ltr' id='par_1_3' title="bbox 745 1787 2802 4021">
     <span class='ocr_line' id='line_1_13' title="bbox 762 1787 2775 1880; baseline 0 -24"><span class='ocrx_word' id='word_1_85' title='bbox 762 1827 769 1836; x_wconf 90' lang='lat'><strong>·</strong></span> <span class='ocrx_word' id='word_1_86' title='bbox 834 1789 899 1856; x_wconf 87' lang='lat' dir='ltr'>Si</span> <span class='ocrx_word' id='word_1_87' title='bbox 930 1790 1114 1858; x_wconf 90' lang='lat' dir='ltr'>enim</span> <span class='ocrx_word' id='word_1_88' title='bbox 1151 1790 1237 1857; x_wconf 86' lang='lat' dir='ltr'>ab</span> <span class='ocrx_word' id='word_1_89' title='bbox 1284 1791 1503 1880; x_wconf 89' lang='lat' dir='ltr'>ipsius</span> <span class='ocrx_word' id='word_1_90' title='bbox 1558 1796 1778 1878; x_wconf 89' lang='lat' dir='ltr'>poetae</span> <span class='ocrx_word' id='word_1_91' title='bbox 1822 1790 2175 1857; x_wconf 87' lang='lat' dir='ltr'>voluntate</span> <span class='ocrx_word' id='word_1_92' title='bbox 2213 1794 2421 1876; x_wconf 87' lang='lat' dir='ltr'>atque</span> <span class='ocrx_word' id='word_1_93' title='bbox 2457 1787 2775 1868; x_wconf 80' lang='lat' dir='ltr'>consiliO,</span> 
     </span>
     <span class='ocr_line' id='line_1_14' title="bbox 745 1895 2782 1986; baseline -0.001 -23"><span class='ocrx_word' id='word_1_94' title='bbox 745 1918 899 1985; x_wconf 87' lang='lat' dir='ltr'>quae</span> <span class='ocrx_word' id='word_1_95' title='bbox 964 1895 1237 1966; x_wconf 87' lang='lat' dir='ltr'>difficile</span> <span class='ocrx_word' id='word_1_96' title='bbox 1292 1903 1397 1967; x_wconf 91' lang='lat' dir='ltr'>est</span> <span class='ocrx_word' id='word_1_97' title='bbox 1456 1897 1770 1977; x_wconf 86' lang='lat' dir='ltr'>definire,</span> <span class='ocrx_word' id='word_1_98' title='bbox 1809 1896 1890 1964; x_wconf 88' lang='lat' dir='ltr'>ad</span> <span class='ocrx_word' id='word_1_99' title='bbox 1949 1901 2409 1986; x_wconf 88' lang='lat' dir='ltr'>spectatorum</span> <span class='ocrx_word' id='word_1_100' title='bbox 2465 1895 2782 1962; x_wconf 89' lang='lat' dir='ltr'>animum</span> 
     </span>
     <span class='ocr_line' id='line_1_15' title="bbox 746 2003 2794 2093; baseline 0 -23"><span class='ocrx_word' id='word_1_101' title='bbox 746 2004 1119 2072; x_wconf 88' lang='lat' dir='ltr'>avertimus</span> <span class='ocrx_word' id='word_1_102' title='bbox 1146 2005 1404 2084; x_wconf 88' lang='lat' dir='ltr'>oculos,</span> <span class='ocrx_word' id='word_1_103' title='bbox 1450 2013 1518 2072; x_wconf 92' lang='lat' dir='ltr'>et</span> <span class='ocrx_word' id='word_1_104' title='bbox 1546 2004 1794 2092; x_wconf 83' lang='lat' dir='ltr'>qualiS,</span> <span class='ocrx_word' id='word_1_105' title='bbox 1847 2010 2116 2093; x_wconf 88' lang='lat' dir='ltr'>peracta</span> <span class='ocrx_word' id='word_1_106' title='bbox 2147 2003 2400 2082; x_wconf 88' lang='lat' dir='ltr'>fabula,</span> <span class='ocrx_word' id='word_1_107' title='bbox 2445 2003 2794 2093; x_wconf 62' lang='lat' dir='ltr'>imperitae-</span> 
     </span>
     <span class='ocr_line' id='line_1_16' title="bbox 750 2110 2776 2202; baseline 0 -26"><span class='ocrx_word' id='word_1_108' title='bbox 750 2110 1216 2179; x_wconf 82' lang='lat' dir='ltr'>multitudinis</span> <span class='ocrx_word' id='word_1_109' title='bbox 1284 2131 1443 2202; x_wconf 85' lang='lat' dir='ltr'>erga</span> <span class='ocrx_word' id='word_1_110' title='bbox 1494 2112 1837 2179; x_wconf 85' lang='lat' dir='ltr'>Bacchum</span> <span class='ocrx_word' id='word_1_111' title='bbox 1920 2111 2164 2190; x_wconf 85' lang='lat' dir='ltr'>fuerit,</span> <span class='ocrx_word' id='word_1_112' title='bbox 2225 2116 2734 2201; x_wconf 79' lang='lat' dir='ltr'>perscrutamur</span> <span class='ocrx_word' id='word_1_113' title='bbox 2759 2165 2776 2190; x_wconf 95' lang='lat'>,</span> 
     </span>
     <span class='ocr_line' id='line_1_17' title="bbox 750 2217 2781 2308; baseline 0 -25"><span class='ocrx_word' id='word_1_114' title='bbox 750 2237 979 2286; x_wconf 91' lang='lat' dir='ltr'>nonne</span> <span class='ocrx_word' id='word_1_115' title='bbox 1019 2219 1420 2308; x_wconf 82' lang='lat' dir='ltr'>religionem</span> <span class='ocrx_word' id='word_1_116' title='bbox 1458 2220 1678 2308; x_wconf 88' lang='lat' dir='ltr'>ipsam</span> <span class='ocrx_word' id='word_1_117' title='bbox 1728 2217 2229 2286; x_wconf 86' lang='lat' dir='ltr'>deformatione</span> <span class='ocrx_word' id='word_1_118' title='bbox 2277 2217 2394 2284; x_wconf 86' lang='lat' dir='ltr'>illa</span> <span class='ocrx_word' id='word_1_119' title='bbox 2439 2218 2654 2308; x_wconf 92' lang='lat' dir='ltr'>pollui</span> <span class='ocrx_word' id='word_1_120' title='bbox 2695 2218 2781 2284; x_wconf 88' lang='lat' dir='ltr'>li-</span> 
     </span>
     <span class='ocr_line' id='line_1_18' title="bbox 751 2323 2782 2416; baseline 0.001 -26"><span class='ocrx_word' id='word_1_121' title='bbox 751 2323 987 2412; x_wconf 86' lang='lat' dir='ltr'>quebit</span> <span class='ocrx_word' id='word_1_122' title='bbox 1020 2331 1089 2394; x_wconf 87' lang='lat' dir='ltr'>et</span> <span class='ocrx_word' id='word_1_123' title='bbox 1112 2325 1483 2416; x_wconf 82' lang='lat' dir='ltr'>impietatis</span> <span class='ocrx_word' id='word_1_124' title='bbox 1524 2325 1868 2404; x_wconf 81' lang='lat' dir='ltr'>stimuIOS,</span> <span class='ocrx_word' id='word_1_125' title='bbox 1905 2329 2270 2414; x_wconf 83' lang='lat' dir='ltr'>postquam</span> <span class='ocrx_word' id='word_1_126' title='bbox 2315 2326 2574 2392; x_wconf 89' lang='lat' dir='ltr'>comica</span> <span class='ocrx_word' id='word_1_127' title='bbox 2621 2345 2782 2393; x_wconf 90' lang='lat' dir='ltr'>eva-</span> 
     </span>
     <span class='ocr_line' id='line_1_19' title="bbox 752 2431 2783 2512; baseline 0 -15"><span class='ocrx_word' id='word_1_128' title='bbox 752 2431 978 2498; x_wconf 87' lang='lat' dir='ltr'>nuerit</span> <span class='ocrx_word' id='word_1_129' title='bbox 1026 2431 1324 2512; x_wconf 89' lang='lat' dir='ltr'>lascivia,</span> <span class='ocrx_word' id='word_1_130' title='bbox 1368 2432 1730 2500; x_wconf 84' lang='lat' dir='ltr'>inhaesisse</span> <span class='ocrx_word' id='word_1_131' title='bbox 1782 2431 2180 2500; x_wconf 82' lang='lat' dir='ltr'>mentibus?</span> <span class='ocrx_word' id='word_1_132' title='bbox 2239 2431 2783 2507; x_wconf 85' lang='lat' dir='ltr'>Quantumcum-</span> 
     </span>
     <span class='ocr_line' id='line_1_20' title="bbox 754 2536 2788 2628; baseline 0.001 -23"><span class='ocrx_word' id='word_1_133' title='bbox 754 2555 889 2625; x_wconf 89' lang='lat' dir='ltr'>que</span> <span class='ocrx_word' id='word_1_134' title='bbox 952 2537 1157 2607; x_wconf 89' lang='lat' dir='ltr'>fuerit</span> <span class='ocrx_word' id='word_1_135' title='bbox 1206 2537 1735 2606; x_wconf 86' lang='lat' dir='ltr'>Atheniensium</span> <span class='ocrx_word' id='word_1_136' title='bbox 1793 2537 1864 2605; x_wconf 90' lang='lat' dir='ltr'>in</span> <span class='ocrx_word' id='word_1_137' title='bbox 1921 2536 2412 2628; x_wconf 88' lang='lat' dir='ltr'>perpendenda</span> <span class='ocrx_word' id='word_1_138' title='bbox 2448 2539 2788 2607; x_wconf 85' lang='lat' dir='ltr'>comoedia</span> 
     </span>
     <span class='ocr_line' id='line_1_21' title="bbox 752 2642 2786 2734; baseline 0.001 -24"><span class='ocrx_word' id='word_1_139' title='bbox 752 2663 1040 2713; x_wconf 89' lang='lat' dir='ltr'>acumen</span> <span class='ocrx_word' id='word_1_140' title='bbox 1078 2650 1127 2725; x_wconf 90' lang='lat'>¹,</span> <span class='ocrx_word' id='word_1_141' title='bbox 1172 2642 1728 2734; x_wconf 87' lang='lat' dir='ltr'>quantacumque</span> <span class='ocrx_word' id='word_1_142' title='bbox 1755 2645 2188 2734; x_wconf 89' lang='lat' dir='ltr'>perspicacia,</span> <span class='ocrx_word' id='word_1_143' title='bbox 2233 2646 2343 2715; x_wconf 87' lang='lat' dir='ltr'>vel</span> <span class='ocrx_word' id='word_1_144' title='bbox 2373 2647 2631 2714; x_wconf 90' lang='lat' dir='ltr'>inscios</span> <span class='ocrx_word' id='word_1_145' title='bbox 2672 2667 2786 2715; x_wconf 92' lang='lat' dir='ltr'>oc-</span> 
     </span>
     <span class='ocr_line' id='line_1_22' title="bbox 754 2751 2790 2842; baseline 0.002 -25"><span class='ocrx_word' id='word_1_146' title='bbox 754 2751 1043 2841; x_wconf 87' lang='lat' dir='ltr'>cupabat</span> <span class='ocrx_word' id='word_1_147' title='bbox 1060 2752 1169 2821; x_wconf 90' lang='lat' dir='ltr'>dei</span> <span class='ocrx_word' id='word_1_148' title='bbox 1186 2756 1625 2842; x_wconf 88' lang='lat' dir='ltr'>contemptus</span> <span class='ocrx_word' id='word_1_149' title='bbox 1647 2756 1714 2820; x_wconf 88' lang='lat' dir='ltr'>et</span> <span class='ocrx_word' id='word_1_150' title='bbox 1733 2773 1770 2821; x_wconf 92' lang='lat' dir='ltr'>e</span> <span class='ocrx_word' id='word_1_151' title='bbox 1789 2752 2056 2820; x_wconf 89' lang='lat' dir='ltr'>theatro</span> <span class='ocrx_word' id='word_1_152' title='bbox 2069 2752 2138 2819; x_wconf 90' lang='lat' dir='ltr'>in</span> <span class='ocrx_word' id='word_1_153' title='bbox 2167 2774 2610 2822; x_wconf 90' lang='lat' dir='ltr'>communem</span> <span class='ocrx_word' id='word_1_154' title='bbox 2631 2754 2790 2822; x_wconf 82' lang='lat' dir='ltr'>vitae</span> 
     </span>
     <span class='ocr_line' id='line_1_23' title="bbox 756 2859 2791 2949; baseline 0.002 -24"><span class='ocrx_word' id='word_1_155' title='bbox 756 2860 1326 2929; x_wconf 89' lang='lat' dir='ltr'>consuetudinem</span> <span class='ocrx_word' id='word_1_156' title='bbox 1364 2859 1922 2929; x_wconf 86' lang='lat' dir='ltr'>transferebatur.</span> <span class='ocrx_word' id='word_1_157' title='bbox 1964 2862 2210 2949; x_wconf 81' lang='lat' dir='ltr'>Inquo</span> <span class='ocrx_word' id='word_1_158' title='bbox 2249 2862 2429 2930; x_wconf 90' lang='lat' dir='ltr'>risus</span> <span class='ocrx_word' id='word_1_159' title='bbox 2449 2882 2592 2929; x_wconf 91' lang='lat' dir='ltr'>non</span> <span class='ocrx_word' id='word_1_160' title='bbox 2627 2863 2791 2931; x_wconf 87' lang='lat' dir='ltr'>satis</span> 
     </span>
     <span class='ocr_line' id='line_1_24' title="bbox 758 2966 2790 3057; baseline 0.001 -23"><span class='ocrx_word' id='word_1_161' title='bbox 758 2972 983 3055; x_wconf 88' lang='lat' dir='ltr'>potest</span> <span class='ocrx_word' id='word_1_162' title='bbox 1012 2966 1464 3036; x_wconf 87' lang='lat' dir='ltr'>animadverti</span> <span class='ocrx_word' id='word_1_163' title='bbox 1505 2972 1834 3057; x_wconf 80' lang='lat' dir='ltr'>potestaS,</span> <span class='ocrx_word' id='word_1_164' title='bbox 1879 2968 1996 3055; x_wconf 88' lang='lat' dir='ltr'>qui</span> <span class='ocrx_word' id='word_1_165' title='bbox 2031 2970 2102 3036; x_wconf 92' lang='lat' dir='ltr'>in</span> <span class='ocrx_word' id='word_1_166' title='bbox 2143 2969 2313 3037; x_wconf 84' lang='lat' dir='ltr'>urhe</span> <span class='ocrx_word' id='word_1_167' title='bbox 2341 2969 2599 3057; x_wconf 90' lang='lat' dir='ltr'>alioqui</span> <span class='ocrx_word' id='word_1_168' title='bbox 2630 2971 2790 3038; x_wconf 91' lang='lat' dir='ltr'>reli-</span> 
     </span>
     <span class='ocr_line' id='line_1_25' title="bbox 758 3074 2792 3165; baseline 0.001 -25"><span class='ocrx_word' id='word_1_169' title='bbox 758 3074 971 3163; x_wconf 86' lang='lat' dir='ltr'>giosa,</span> <span class='ocrx_word' id='word_1_170' title='bbox 1008 3094 1149 3142; x_wconf 92' lang='lat' dir='ltr'>non</span> <span class='ocrx_word' id='word_1_171' title='bbox 1180 3075 1451 3143; x_wconf 84' lang='lat' dir='ltr'>veniam</span> <span class='ocrx_word' id='word_1_172' title='bbox 1482 3080 1752 3143; x_wconf 89' lang='lat' dir='ltr'>tantum</span> <span class='ocrx_word' id='word_1_173' title='bbox 1777 3076 2255 3163; x_wconf 88' lang='lat' dir='ltr'>procacissimo</span> <span class='ocrx_word' id='word_1_174' title='bbox 2275 3082 2498 3165; x_wconf 84' lang='lat' dir='ltr'>poetae</span> <span class='ocrx_word' id='word_1_175' title='bbox 2523 3081 2591 3144; x_wconf 92' lang='lat' dir='ltr'>et</span> <span class='ocrx_word' id='word_1_176' title='bbox 2620 3077 2792 3144; x_wconf 91' lang='lat' dir='ltr'>mul-</span> 
     </span>
     <span class='ocr_line' id='line_1_26' title="bbox 759 3181 2792 3273; baseline 0 -24"><span class='ocrx_word' id='word_1_177' title='bbox 759 3186 989 3250; x_wconf 91' lang='lat' dir='ltr'>torum</span> <span class='ocrx_word' id='word_1_178' title='bbox 1056 3182 1431 3249; x_wconf 90' lang='lat' dir='ltr'>inimicitiis</span> <span class='ocrx_word' id='word_1_179' title='bbox 1481 3181 1775 3272; x_wconf 86' lang='lat' dir='ltr'>objecto,</span> <span class='ocrx_word' id='word_1_180' title='bbox 1823 3182 1946 3249; x_wconf 92' lang='lat' dir='ltr'>sed</span> <span class='ocrx_word' id='word_1_181' title='bbox 1997 3181 2548 3261; x_wconf 85' lang='lat' dir='ltr'>admirationem,</span> <span class='ocrx_word' id='word_1_182' title='bbox 2595 3183 2792 3273; x_wconf 86' lang='lat' dir='ltr'>plau-</span> 
     </span>
     <span class='ocr_line' id='line_1_27' title="bbox 760 3288 2793 3379; baseline 0 -23"><span class='ocrx_word' id='word_1_183' title='bbox 760 3308 903 3369; x_wconf 81' lang='lat' dir='ltr'>SUS,</span> <span class='ocrx_word' id='word_1_184' title='bbox 937 3288 1225 3356; x_wconf 87' lang='lat' dir='ltr'>coronas</span> <span class='ocrx_word' id='word_1_185' title='bbox 1248 3288 1333 3357; x_wconf 91' lang='lat' dir='ltr'>de</span> <span class='ocrx_word' id='word_1_186' title='bbox 1371 3288 1645 3379; x_wconf 90' lang='lat' dir='ltr'>publico</span> <span class='ocrx_word' id='word_1_187' title='bbox 1677 3288 2026 3357; x_wconf 88' lang='lat' dir='ltr'>meruerit.</span> <span class='ocrx_word' id='word_1_188' title='bbox 2067 3290 2454 3357; x_wconf 88' lang='lat' dir='ltr'>Ceterarum</span> <span class='ocrx_word' id='word_1_189' title='bbox 2477 3291 2793 3377; x_wconf 85' lang='lat' dir='ltr'>gentium</span> 
     </span>
     <span class='ocr_line' id='line_1_28' title="bbox 757 3395 2788 3487; baseline 0 -24"><span class='ocrx_word' id='word_1_190' title='bbox 757 3397 917 3463; x_wconf 89' lang='lat' dir='ltr'>licet</span> <span class='ocrx_word' id='word_1_191' title='bbox 949 3395 1265 3463; x_wconf 88' lang='lat' dir='ltr'>evolvere</span> <span class='ocrx_word' id='word_1_192' title='bbox 1290 3400 1740 3463; x_wconf 87' lang='lat' dir='ltr'>monumenta</span> <span class='ocrx_word' id='word_1_193' title='bbox 1765 3401 1834 3463; x_wconf 94' lang='lat' dir='ltr'>et</span> <span class='ocrx_word' id='word_1_194' title='bbox 1867 3395 2298 3484; x_wconf 89' lang='lat' dir='ltr'>disciplinam</span> <span class='ocrx_word' id='word_1_195' title='bbox 2328 3396 2746 3487; x_wconf 85' lang='lat' dir='ltr'>investigare</span> <span class='ocrx_word' id='word_1_196' title='bbox 2775 3421 2788 3463; x_wconf 92' lang='lat'><strong>:</strong></span> 
     </span>
     <span class='ocr_line' id='line_1_29' title="bbox 760 3501 2790 3592; baseline 0.001 -23"><span class='ocrx_word' id='word_1_197' title='bbox 760 3521 1099 3590; x_wconf 89' lang='lat' dir='ltr'>nusquam</span> <span class='ocrx_word' id='word_1_198' title='bbox 1152 3521 1303 3569; x_wconf 90' lang='lat' dir='ltr'>eam</span> <span class='ocrx_word' id='word_1_199' title='bbox 1364 3502 1942 3591; x_wconf 84' lang='lat' dir='ltr'>aequanimitatem</span> <span class='ocrx_word' id='word_1_200' title='bbox 2003 3503 2072 3569; x_wconf 91' lang='lat' dir='ltr'>in</span> <span class='ocrx_word' id='word_1_201' title='bbox 2142 3501 2394 3570; x_wconf 87' lang='lat' dir='ltr'>divinis</span> <span class='ocrx_word' id='word_1_202' title='bbox 2453 3504 2790 3592; x_wconf 86' lang='lat' dir='ltr'>reperies;</span> 
     </span>
     <span class='ocr_line' id='line_1_30' title="bbox 762 3608 2800 3699; baseline 0 -23"><span class='ocrx_word' id='word_1_203' title='bbox 762 3629 1102 3697; x_wconf 86' lang='lat' dir='ltr'>nusquam</span> <span class='ocrx_word' id='word_1_204' title='bbox 1163 3608 1419 3699; x_wconf 84' lang='lat' dir='ltr'>ingenii</span> <span class='ocrx_word' id='word_1_205' title='bbox 1462 3608 1864 3676; x_wconf 88' lang='lat' dir='ltr'>auctoritate</span> <span class='ocrx_word' id='word_1_206' title='bbox 1914 3614 2176 3677; x_wconf 87' lang='lat' dir='ltr'>tantam</span> <span class='ocrx_word' id='word_1_207' title='bbox 2219 3610 2571 3678; x_wconf 87' lang='lat' dir='ltr'>licentiam</span> <span class='ocrx_word' id='word_1_208' title='bbox 2627 3610 2800 3679; x_wconf 84' lang='lat' dir='ltr'>obti-</span> 
     </span>
     <span class='ocr_line' id='line_1_31' title="bbox 760 3714 2796 3804; baseline 0 -20"><span class='ocrx_word' id='word_1_209' title='bbox 760 3716 936 3784; x_wconf 88' lang='lat' dir='ltr'>nuit.</span> <span class='ocrx_word' id='word_1_210' title='bbox 973 3717 1118 3784; x_wconf 92' lang='lat' dir='ltr'>Mos</span> <span class='ocrx_word' id='word_1_211' title='bbox 1152 3714 1478 3804; x_wconf 84' lang='lat' dir='ltr'>estapud</span> <span class='ocrx_word' id='word_1_212' title='bbox 1520 3714 1934 3783; x_wconf 86' lang='lat' dir='ltr'>recentiores</span> <span class='ocrx_word' id='word_1_213' title='bbox 1973 3716 2260 3783; x_wconf 85' lang='lat' dir='ltr'>Galliam</span> <span class='ocrx_word' id='word_1_214' title='bbox 2290 3723 2796 3785; x_wconf 18' lang='lat' dir='ltr'>nostramsscum</span> 
     </span>
     <span class='ocr_line' id='line_1_32' title="bbox 762 3822 2801 3901; baseline -0 -9"><span class='ocrx_word' id='word_1_215' title='bbox 762 3824 1039 3901; x_wconf 83' lang='lat' dir='ltr'>Graecia,</span> <span class='ocrx_word' id='word_1_216' title='bbox 1072 3822 1410 3891; x_wconf 89' lang='lat' dir='ltr'>Lutetiam</span> <span class='ocrx_word' id='word_1_217' title='bbox 1444 3822 1852 3890; x_wconf 88' lang='lat' dir='ltr'>Parisiorum</span> <span class='ocrx_word' id='word_1_218' title='bbox 1888 3843 2045 3890; x_wconf 91' lang='lat' dir='ltr'>cum</span> <span class='ocrx_word' id='word_1_219' title='bbox 2069 3824 2359 3891; x_wconf 91' lang='lat' dir='ltr'>Athenis</span> <span class='ocrx_word' id='word_1_220' title='bbox 2390 3824 2702 3893; x_wconf 88' lang='lat' dir='ltr'>conferre</span> <span class='ocrx_word' id='word_1_221' title='bbox 2733 3829 2801 3893; x_wconf 90' lang='lat' dir='ltr'>et</span> 
     </span>
     <span class='ocr_line' id='line_1_33' title="bbox 762 3927 2802 4021; baseline 0 -22"><span class='ocrx_word' id='word_1_222' title='bbox 762 3930 1259 4021; x_wconf 84' lang='lat' dir='ltr'>Aristophanes</span> <span class='ocrx_word' id='word_1_223' title='bbox 1284 3927 1804 4018; x_wconf 87' lang='lat' dir='ltr'>circumspicere</span> <span class='ocrx_word' id='word_1_224' title='bbox 1833 3950 2051 3998; x_wconf 87' lang='lat' dir='ltr'>novos</span> <span class='ocrx_word' id='word_1_225' title='bbox 2083 3953 2100 3996; x_wconf 74' lang='grc' dir='ltr'><strong><em>ι</em></strong></span> <span class='ocrx_word' id='word_1_226' title='bbox 2135 3930 2252 4019; x_wconf 90' lang='lat' dir='ltr'>qui</span> <span class='ocrx_word' id='word_1_227' title='bbox 2278 3940 2522 4001; x_wconf 85' lang='lat' dir='ltr'>vereor</span> <span class='ocrx_word' id='word_1_228' title='bbox 2561 3936 2642 4001; x_wconf 93' lang='lat' dir='ltr'>ut</span> <span class='ocrx_word' id='word_1_229' title='bbox 2680 3952 2802 4000; x_wconf 92' lang='lat' dir='ltr'>un-</span> 
     </span>
    </p>
   </div>
   <div class='ocr_carea' id='block_1_2' title="bbox 823 4156 2603 4243">
    <p class='ocr_par' dir='ltr' id='par_1_4' title="bbox 823 4156 2603 4243">
     <span class='ocr_line' id='line_1_34' title="bbox 823 4156 2603 4243; baseline 0.003 -33"><span class='ocrx_word' id='word_1_230' title='bbox 823 4162 843 4201; x_wconf 86' lang='lat'>¹</span> <span class='ocrx_word' id='word_1_231' title='bbox 872 4163 1033 4228; x_wconf 73' lang='lat' dir='ltr'>Equit.</span> <span class='ocrx_word' id='word_1_232' title='bbox 1045 4197 1059 4221; x_wconf 80' lang='lat'>,</span> <span class='ocrx_word' id='word_1_233' title='bbox 1087 4166 1195 4211; x_wconf 74' lang='lat'>232.</span> <span class='ocrx_word' id='word_1_234' title='bbox 1226 4162 1429 4221; x_wconf 80' lang='grc' dir='ltr'><strong>Πάντως</strong></span> <span class='ocrx_word' id='word_1_235' title='bbox 1440 4179 1498 4228; x_wconf 79' lang='grc' dir='ltr'>γε</span> <span class='ocrx_word' id='word_1_236' title='bbox 1514 4162 1602 4226; x_wconf 68' lang='grc' dir='ltr'>μὶν</span> <span class='ocrx_word' id='word_1_237' title='bbox 1617 4163 1967 4226; x_wconf 58' lang='grc' dir='ltr'>γνωσθήσεται</span> <span class='ocrx_word' id='word_1_238' title='bbox 1979 4180 1991 4192; x_wconf 86' lang='grc'><em>·</em></span> <span class='ocrx_word' id='word_1_239' title='bbox 2014 4163 2073 4213; x_wconf 80' lang='grc' dir='ltr'>τὸ</span> <span class='ocrx_word' id='word_1_240' title='bbox 2091 4162 2184 4229; x_wconf 80' lang='grc' dir='ltr'>γὰρ</span> <span class='ocrx_word' id='word_1_241' title='bbox 2205 4156 2406 4231; x_wconf 62' lang='lat' dir='ltr'>him-pov</span> <span class='ocrx_word' id='word_1_242' title='bbox 2425 4164 2603 4243; x_wconf 64' lang='grc' dir='ltr'>δέξιρν.</span> 
     </span>
    </p>
   </div>
  </div>
 </body>
</html>
