3167 5125
1666 512 1951 566 -28-

790 638 908 706 ubi
940 637 1170 705 omnia
1211 642 1379 703 nutu
1409 642 1615 725 atque
1652 636 1931 706 arbitrio
1963 635 2185 726 plebis
2217 630 2673 725 regebantur‘,⁵
2707 634 2825 702 ubi

791 746 1082 835 quisque
1111 742 1413 813 civilium
1447 744 1744 833 partium
1775 748 1894 811 aut
1930 742 2156 810 fautor
2203 748 2380 822 erat,
2426 748 2542 810 aut
2578 742 2823 811 adver-

793 852 1047 931 sarius,
1105 850 1345 919 comici
1395 855 1663 919 veteres
1721 871 1843 940 pro
1894 850 2193 937 antiquis
2248 849 2556 918 moribus
2623 855 2827 940 atque

793 958 1126 1026 institutis
1196 956 1528 1025 adversus
1592 977 1841 1025 novam
1909 955 2253 1025 licentiam
2320 957 2511 1025 velut
2563 957 2632 1023 in
2684 958 2829 1025 acie

789 1070 1148 1133 steterunt.
1205 1062 1645 1132 Indulserunt
1694 1071 2081 1152 temporum
2127 1051 2404 1132 illorum
2443 1062 2811 1143 desideri0,

791 1193 1006 1261 quum
1043 1192 1265 1259 neque
1297 1171 1615 1239 dicacitas
1656 1170 1836 1259 apud
1870 1170 2165 1259 plebem,
2217 1190 2442 1258 neque
2494 1170 2825 1240 effrenata

795 1278 974 1368 apud
1016 1277 1388 1367 plebicolas
1444 1278 1725 1345 ambitio
1785 1278 1855 1343 in
1907 1277 2272 1346 discrimen
2332 1278 2821 1367 rempublicam

798 1385 1138 1454 vocabant
1160 1406 1177 1467 ;
1211 1385 1330 1452 ubi
1360 1384 1547 1474 leges
1572 1438 1589 1464 ,
1628 1386 1961 1474 majorum
2004 1384 2371 1473 prudentia
2408 1385 2821 1467 constitutae,

800 1491 1112 1559 militaris
1151 1491 1330 1559 fama
1371 1512 1493 1580 per
1530 1512 1781 1581 magna
1810 1491 2109 1559 facinora
2136 1499 2352 1581 parta,
2395 1493 2684 1562 modicae
2721 1492 2826 1559 di-

798 1599 1006 1677 vitiae,
1059 1601 1301 1666 verum
1331 1598 1588 1687 ingenii
1620 1606 1687 1667 et
1720 1598 2021 1690 corporis
2068 1599 2297 1681 robur,
2352 1600 2421 1667 in
2473 1619 2633 1689 pace
2676 1620 2828 1667 mo-

799 1707 1125 1786 destiam,
1170 1707 1242 1773 in
1298 1706 1480 1773 bello
1548 1706 2019 1775 fortitudinem
2084 1706 2529 1794 praestabant‚
2594 1709 2687 1772 ita
2755 1709 2833 1771 ut

800 1816 1061 1894 civitaS‚
1095 1812 1181 1881 de
1214 1813 1445 1882 futuro
1477 1833 1712 1881 secura
1751 1821 1818 1884 et
1852 1812 2184 1881 adversus
2224 1812 2521 1881 fatorum
2569 1812 2828 1899 iniqui-

798 1928 1010 1991 tatem
1071 1922 1357 2000 munita,
1417 1920 1632 2010 gloria
1692 1922 1898 1989 simul
1959 1926 2163 2009 atque
2210 1921 2348 1988 otio
2400 1919 2742 1991 frueretur
2779 1925 2826 1985 ¹.

804 2030 967 2099 Boni
994 2030 1202 2118 igitur
1227 2029 1391 2096 civis
1417 2026 1639 2096 officio
1667 2028 1966 2095 comicus
2018 2026 2464 2095 novatoribus
2508 2024 2829 2094 instando

806 2158 879 2205 se
917 2082 1110 2225 funegi
1145 2135 1627 2215 arbitrabatur,
1663 2136 2009 2224 ingruenti
2059 2134 2223 2203 vitio
2276 2122 2540 2201 moram
2578 2130 2825 2205 facere.

785 2250 870 2312 et
909 2246 1214 2310 avertere
1260 2242 1655 2331 perniciem
1716 2244 1794 2309 Et
1841 2244 2001 2333 quia
2054 2263 2282 2311 mores
2328 2248 2640 2311 veterum
2687 2263 2828 2311 non

803 2350 904 2417 fas
935 2354 1080 2418 erat
1107 2369 1146 2416 a
1175 2350 1392 2439 prisca
1423 2348 1753 2437 religione
1786 2348 2143 2431 divellere,
2180 2368 2548 2418 commune
2589 2370 2827 2417 eorum

809 2456 1097 2547 professi
1129 2463 1291 2523 sunt
1327 2457 1801 2545 patrocinium.
1839 2458 1990 2525 Non
2022 2457 2388 2537 immerito,
2437 2458 2494 2526 si
2531 2457 2833 2524 humana

805 2587 1000 2633 mens
1039 2564 1124 2632 ad
1177 2564 1510 2654 ampliora
1555 2565 1841 2632 excitata
1879 2566 2163 2632 consilia
2192 2566 2427 2656 gloriae
2486 2565 2785 2634 stimulis
2809 2618 2826 2645 ,

804 2679 872 2741 et
910 2671 1148 2740 altiore
1180 2670 1446 2757 erudita
1477 2670 1808 2749 doctrina,
1844 2672 2022 2739 intra
2050 2681 2271 2742 certos
2304 2674 2480 2740 fines
2517 2674 2833 2740 immuta-

804 2779 961 2846 bilis
1007 2777 1382 2845 consistere
1416 2785 1672 2866 posset,
1718 2779 1775 2845 si
1806 2779 2036 2868 legum
2069 2781 2469 2848 auctoritate
2499 2781 2593 2846 ita
2632 2777 2837 2847 refre-

808 2886 978 2964 nari,
1024 2892 1096 2952 ut
1141 2884 1486 2973 simplices
1525 2905 1753 2953 mores
1802 2906 1959 2952 cum
2011 2887 2348 2974 exquisita
2402 2887 2834 2976 ingeniorum

807 2993 1070 3061 cultura
1101 2992 1444 3060 retineret.
1482 2991 1611 3058 Sed
1659 3012 1737 3060 ea
1786 2992 2071 3060 demum
2120 2999 2224 3062 est
2278 2993 2580 3061 hominis
2632 3013 2834 3061 mens

808 3105 884 3167 ut
929 3105 1123 3188 parto
1175 3098 1358 3167 bono
1403 3119 1759 3186 nunquam
1810 3098 2073 3188 placide
2110 3100 2397 3180 fruatur,
2448 3105 2518 3167 at
2561 3099 2833 3188 propria

807 3226 928 3276 sua
961 3208 1026 3274 vi
1057 3206 1142 3273 ad
1172 3207 1433 3295 majora
1483 3225 1754 3295 semper
1788 3207 2065 3288 tendat,
2114 3212 2183 3276 et
2214 3206 2458 3296 optimi
2494 3205 2833 3275 desiderio

807 3315 1168 3404 praesentia
1195 3314 1562 3382 commoda
1597 3333 1731 3380 non
1768 3312 2035 3382 dubitet
2078 3315 2412 3382 amittere.
2470 3313 2831 3382 Prudenti-

807 3421 938 3488 bus
969 3419 1185 3509 'igitur
1232 3420 1422 3498 viriS,
1474 3420 1591 3507 qui
1640 3405 1903 3489 ceteros
1950 3421 2019 3488 in
2070 3420 2281 3501 ludis,
2340 3421 2577 3488 rostris
2630 3426 2835 3508 atque

807 3527 1075 3593 theatro
1123 3524 1538 3594 erudiendos
1587 3528 1970 3616 suscipiunt
2000 3533 2068 3595 et
2097 3518 2695 3606 delectandos)·ita
2732 3532 2837 3594 est

807 3630 1153 3722 agendum
1185 3651 1272 3699 ne
1305 3631 1767 3721 progredienti
1801 3633 2211 3702 humanitati
2260 3654 2567 3722 unquam
2610 3633 2835 3702 obsis·

811 3743 980 3817 tant,
1017 3742 1094 3805 ut
1133 3744 1496 3827 vagantem
1527 3747 1598 3807 et
1626 3747 1969 3810 errantem
2002 3747 2381 3810 coerceant.

869 3949 888 3984 ¹
1181 3949 1481 4012 Εὐδαίμονες,
1499 3949 1542 3999 δ’
1565 3949 1692 4010 ἦσαν
1722 3951 1801 4016 ἄρ’
1826 3955 1875 4002 οἱ
1894 3956 2063 4010 ζῶντες
2088 3953 2187 4002 τότ’
2208 3953 2290 4002 ἐπί

1183 4029 1293 4079 Τῶν
1319 4029 1591 4095 προτέρων.
2209 4033 2360 4092 Ναὸ.,
2396 4036 2532 4082 1028.

867 4111 940 4160 Cf.
977 4110 1202 4172 Caum,
1246 4111 1467 4171 Fraym„
1503 4114 1613 4160 228.
1644 4111 1895 4178 Μακάριος
1931 4110 1991 4172 ἦν
2018 4115 2047 4161 ὁ
2085 4112 2181 4177 πρὸ
2210 4118 2299 4164 τοῦ
2323 4114 2428 4178 βίος
2456 4113 2681 4180 βρότοισι
2708 4107 2841 4178 ,ἱερὸς

805 4192 866 4242 τὰ
891 4194 998 4250 νῦν,
1036 4207 1085 4240 κ.
1103 4207 1147 4240 τ.
1169 4192 1238 4248 λ.,
1268 4193 1317 4239 et
1347 4192 1607 4251 sennenn„
1633 4190 1820 4256 fraym.
1852 4193 2072 4255 (Nauck),
2108 4197 2215 4244 258.
