3167 5125
1319 532 1568 587 ..9.-

423 655 698 746 evagari
745 661 1068 727 tentaret.
1106 656 1316 727 Paulo
1359 663 1516 748 post
1557 656 1839 727 Hesiodi
1890 662 2227 747 tempora,
2280 657 2457 727 inter
2494 704 2501 711 -

421 763 863 857 audaciorem
891 783 1122 833 rerum
1155 762 1668 855 indagationem
1702 764 2135 854 priscamque
2164 763 2239 832 in
2269 767 2456 835 inve-

419 870 698 939 niendis
752 870 1317 960 illustrandisque
1387 871 1791 939 numinibus
1846 872 2445 951 consuetudinem,

423 979 890 1049 contentionis
913 978 1534 1068 deprehenduntur
1561 972 1759 1067 sign'a
1799 976 2142 1067 quaedam,
2200 983 2269 1048 et
2314 1000 2454 1048 non

425 1086 657 1177 ampla
693 1084 979 1174 quidem
1020 1086 1144 1153 sed
1183 1085 1470 1154 illustria
1503 1090 1955 1154 monumenta
2006 1092 2279 1153 exstant
2309 1086 2455 1175 phi-

426 1192 764 1282 losophiae
792 1247 810 1273 ,
863 1192 1252 1261 fabularum
1317 1192 1761 1262 detrectantis
1808 1191 2279 1260 auctoritatem
2308 1245 2325 1270 ,
2389 1199 2457 1261 et

423 1293 513 1367 ad
551 1299 838 1368 liberam
881 1300 1239 1369 scientiam
1277 1300 1707 1369 sollicitantis
1764 1301 2057 1367 animos.
2117 1298 2245 1366 Sed
2296 1298 2455 1388 quia

424 1430 510 1478 ex
575 1406 915 1496 religiosis
964 1406 1217 1474 fabulis
1267 1409 1406 1476 vita
1467 1406 1835 1496 pendebat,
1902 1405 2210 1473 futurum
2282 1410 2450 1485 erat,

425 1534 764 1583 concussa
837 1513 1225 1581 fabularum
1291 1516 1718 1593 auctoritate,
1800 1520 1877 1582 ut
1950 1512 2183 1582 omnia
2250 1512 2456 1579 simul

427 1628 676 1691 nutare
715 1622 875 1690 etin
907 1622 1278 1689 discrimen
1319 1621 1541 1690 vocari
1576 1620 1978 1690 viderentur
2013 1644 2027 1685 :
2087 1618 2277 1707 leges
2315 1620 2455 1709 pri-

425 1750 619 1797 mum
646 1734 716 1797 et
753 1728 1112 1819 disciplina
1141 1730 1518 1809 civitatum,
1555 1750 1710 1817 quae
1734 1730 1828 1796 ita
1863 1733 2172 1797 veterum
2201 1728 2452 1797 coales-

425 1836 623 1905 cebat
641 1836 930 1925 placitis,
953 1842 1029 1903 ut
1071 1835 1388 1905 eamdem
1429 1835 1779 1904 fortunam
1824 1841 2161 1905 secuturae
2194 1839 2449 1903 essent.

425 1946 566 2015 Nec
627 1943 820 2025 deOS,
855 1944 1212 2013 concussis
1269 1943 1604 2023 moribus,
1672 1963 1800 2012 nec
1867 1963 2117 2023 moreS,
2165 1942 2455 2011 infracto

426 2052 712 2122 deorum
745 2056 1086 2140 respectu,
1119 2050 1363 2120 eodem
1391 2057 1572 2119 stare
1600 2049 1751 2118 loco
1788 2050 2045 2117 diutius
2070 2049 2174 2117 fas
2214 2055 2382 2116 erat.

517 2159 717 2227 Dario
777 2164 1005 2225 tamen
1073 2163 1278 2245 atque
1315 2160 1536 2227 Xerxe
1564 2157 2053 2227 invadentibus
2090 2157 2444 2236 Graeciam,

427 2266 556 2335 etsi
606 2267 748 2355 jam
836 2266 1084 2353 ingens
1153 2265 1220 2330 in
1251 2264 1590 2353 religiosis
1640 2264 2057 2354 perturbatio
2097 2264 2272 2331 facta
2320 2269 2448 2345 est,

425 2374 693 2462 integra
721 2372 1000 2461 vigebat
1027 2378 1339 2439 veterum
1379 2379 1735 2461 poetarum
1775 2372 2161 2451 auctoritaS,
2198 2372 2449 2439 confir-

428 2487 613 2548 mata
639 2480 871 2571 potius
899 2500 1108 2569 quam
1140 2479 1504 2546 imminuta
1535 2480 1827 2547 heroum
1858 2478 2043 2545 cultu
2089 2480 2205 2568 qui
2249 2478 2453 2567 paulo

426 2593 583 2677 post
631 2586 1009 2656 Hesiodum
1069 2593 1312 2676 gentes
1364 2607 1609 2656 omnes
1644 2588 2025 2656 Hellenicas
2082 2586 2445 2655 invaserat.

423 2697 568 2762 Jam
604 2701 753 2763 tum
784 2714 948 2764 vero
977 2703 1436 2784 apparuerant
1469 2695 1621 2774 viri,
1647 2695 1925 2784 ingenio
1958 2687 2093 2790 acri
2122 2701 2190 2761 et
2230 2693 2450 2762 (lisse-

428 2800 626 2870 rendi
667 2804 986 2869 acumine
1016 2800 1348 2889 insigneS,
1381 2802 1496 2890 qui
1527 2802 1826 2890 antiquae
1877 2802 2189 2890 religioni
2234 2801 2452 2868 inhae-

423 2898 644 2975 rentia
702 2907 866 2974 vitia
931 2914 1420 2997 perspexerant
1473 2916 1541 2974 et
1598 2908 1931 2996 Olympiis
1982 2907 2113 2975 diis
2150 2907 2445 2976 audaces

423 3014 804 3082 intulerant
836 3033 1107 3082 manus.
1148 3015 1502 3083 patefactis
1531 3037 1685 3103 quae
1714 3016 1783 3081 in
1814 3022 2171 3103 poetarum
2200 3014 2452 3082 fabulis

426 3121 902 3211 repugnabant
971 3129 1172 3190 rectae
1242 3121 1510 3200 rationi,
1575 3128 1647 3189 et
1720 3131 2103 3212 ἁνθρωποειδῶν
2162 3120 2451 3189 deorum

425 3228 694 3296 detecta
724 3234 996 3308 natura,
1042 3228 1274 3297 nullos
1303 3249 1458 3297 esse
1487 3230 1657 3296 deos
1681 3233 1801 3296 aut
1824 3228 2019 3309 alios,
2057 3226 2241 3316 quod
2267 3227 2447 3296 idem

425 3333 720 3415 valebat,
757 3334 1308 3404 demonstratum
1349 3341 1475 3405 est.
2214 3332 2218 3335 ’

515 3442 641 3510 Illa
671 3447 902 3512 tamen
933 3443 1134 3511 balba
1174 3443 1402 3512 adhuc
1433 3450 1502 3512 et
1534 3445 1643 3511 vix
1676 3443 1778 3511 sui
1831 3443 2103 3512 conscia
2143 3442 2454 3512 doctrina

425 3570 567 3616 non
620 3548 998 3638 periculum
1069 3557 1214 3618 erat
1275 3557 1350 3619 ut
1399 3551 1589 3641 vulgi
1638 3550 2132 3640 approbaretur
2181 3553 2450 3641 opinio-

426 3656 657 3723 nibus.
705 3657 942 3724 Paucis
987 3659 1287 3746 primum
1318 3658 1659 3727 destinata
1708 3665 1776 3727 et
1820 3660 2167 3726 communi
2220 3659 2450 3727 studio

427 3762 808 3831 abhorrens
838 3764 1164 3852 paulatim
1206 3765 1705 3834 incrementum
1748 3766 1926 3856 cepit
1955 3771 2023 3834 et
2071 3786 2109 3834 e
2154 3765 2453 3854 philoso-

427 3869 723 3956 phorum
755 3871 1046 3938 officinis
1077 3893 1236 3939 cum
1267 3873 1599 3961 sophistis
1647 3874 1713 3939 in
1778 3873 2123 3962 publicum
2169 3873 2447 3962 prodiit.

425 3975 613 4043 Tunc
631 3978 966 4065 juvenum
1019 3979 1580 4067 ingeniosissimi,
1640 3981 1757 4068 qui
1816 3981 2013 4049 novis
2052 3980 2451 4049 doctoribus

425 4081 842 4152 familiariter
868 4084 1238 4154 utebantur
1276 4093 1343 4154 et
1382 4107 1502 4176 per
1527 4087 1734 4155 urbes
1774 4087 2261 4157 disserentium
2309 4108 2453 4156 ora-

428 4189 650 4258 tiones
675 4191 1125 4282 excipiebant,
1178 4199 1590 4263 vetustatem
1616 4195 1800 4264 idem
1830 4216 1983 4266 esse
2025 4215 2231 4284 quam
2277 4195 2451 4264 stul-
