3167 5125
1347 527 1630 584 -69-

465 653 1026 745 Aristophanem,
1071 654 1364 725 civitatis
1394 654 1829 724 admonitum
1858 655 2378 743 calamitatibus,
2410 657 2498 727 ad

466 771 758 861 priscam
808 772 1133 861 pietatem
1183 770 1470 841 rediisse
1514 776 1584 839 et
1632 792 1754 860 pro
1819 792 1943 840 sua
1984 777 2198 862 parte,
2236 772 2495 845 Cereris

467 878 764 967 patrium
801 878 1063 945 cultum
1101 878 1526 959 extollendo,
1561 877 1649 945 ad
1686 880 2025 968 majorum
2064 880 2500 949 consuetudi—

467 1003 630 1051 nem
661 984 846 1051 cives
877 985 1182 1054 voluisse
1231 1004 1571 1053 revocare.
1620 983 1816 1053 Adde
1863 983 2050 1071 quod
2089 984 2201 1053 lex
2256 998 2373 1075 περὶ
2401 1005 2499 1057 τῶν

467 1107 778 1183 ἁπορῤήτων
831 1093 942 1161 vix
975 1088 1196 1182 potuit
1235 1094 1303 1160 in
1354 1091 2060 1181 Thesmophoriorum
2087 1092 2489 1161 celebratio-

467 1220 628 1267 nem
657 1198 898 1269 cadere
926 1224 944 1281 ;
979 1220 1136 1288 quae
1167 1199 1444 1267 feminis
1503 1199 1829 1267 omnibus
1859 1200 2274 1282 communia,
2310 1202 2495 1270 viros

466 1305 743 1394 quidem
777 1307 1119 1389 arcebant,
1156 1307 1275 1376 sed
1309 1307 1498 1375 fideli
1548 1312 1692 1375 tuta
1740 1307 2013 1376 silentio
2062 1327 2285 1397 neque
2339 1308 2492 1378 fue-

455 1418 626 1480 -runt
644 1434 869 1501 neque
891 1416 1453 1483 esse'voluerunt.
1471 1418 1764 1506 Α’πὸῥρητα
1784 1416 1841 1483 si
1872 1414 2189 1504 quaedam
2207 1422 2401 1487 erant
2435 1421 2486 1497 ¹,

465 1542 618 1609 quae
644 1522 871 1610 qualia
909 1523 1165 1591 fuerint
1201 1543 1342 1591 non
1372 1523 1567 1591 facile
1592 1528 1697 1591 est
1726 1523 1923 1603 scita,
1955 1543 2034 1591 ea
2054 1523 2284 1593 omnia
2308 1525 2491 1593 Aris-

465 1628 804 1717 tophanes
834 1651 990 1698 cum
1028 1631 1322 1699 innocua
1351 1630 1803 1709 cavillatione,
1839 1630 2207 1699 mulierum
2234 1632 2489 1699 intem-

462 1737 841 1824 perantiam
868 1744 1208 1828 carpente,
1231 1737 1536 1828 prudens
1557 1744 1626 1807 et
1654 1736 1915 1807 facetus
1962 1740 2397 1829 praetermisit
2429 1745 2480 1807 2.

463 1842 636 1911 Illud
674 1851 942 1913 tantum
969 1846 1345 1915 concedere
1372 1867 1643 1934 aequum
1682 1846 1833 1926 erit,
1881 1846 2254 1937 imaginem
2284 1847 2485 1916 femi-

465 1970 612 2019 neae
641 1952 914 2040 pietatis
967 1953 1052 2021 ab
1091 1953 1553 2044 Aristophane
1600 1952 1856 2022 editam
1898 1955 2103 2044 longe
2141 1954 2485 2024 diversam

464 2078 615 2127 esse
644 2059 729 2127 ab
778 2061 1100 2149 opinione
1133 2083 1370 2130 eorum
1396 2063 1514 2152 qui
1561 2082 1886 2131 arcanum
1918 2062 2176 2131 Cereris
2224 2062 2486 2132 cultum

464 2167 771 2237 moribus
791 2168 1043 2238 favisse
1068 2170 1272 2238 castis
1298 2169 1602 2239 credant.
1630 2169 1762 2237 Sed
1786 2189 2073 2238 censura
2093 2169 2310 2259 magis
2328 2168 2488 2237 inde

462 2273 990 2345 Atheniensium
1021 2297 1222 2366 quam
1254 2283 1471 2366 poetae
1501 2276 1818 2366 impietas
1848 2276 2227 2366 colligetur.

563 2394 914 2456 Ranarum
923 2388 1067 2475 jam
1092 2404 1299 2475 supra
1328 2385 1759 2475 propositum
1780 2384 2135 2472 attigimus
2155 2389 2224 2452 et
2242 2384 2484 2452 Bacchi

459 2516 773 2590 personae
827 2493 1256 2582 interpretati
1321 2513 1564 2562 sumus
1636 2491 2231 2581 significationem.
2288 2491 2487 2559 Plura

459 2614 690 2674 tamen
711 2601 1029 2671 addenda
1053 2601 1373 2676 velimus.
1405 2600 1557 2666 Non
1582 2601 1677 2666 ita
1706 2598 1983 2666 difficile
2003 2597 2131 2666 erit
2150 2597 2487 2666 rationem

457 2711 746 2780 reddere
784 2729 920 2797 quo
961 2707 1246 2775 consilio
1301 2713 1368 2774 et
1419 2705 1670 2796 quibus
1728 2705 2219 2794 cogitationum
2248 2704 2484 2773 amba-

457 2819 658 2909 gibus
701 2817 946 2884 ductus
1003 2813 1494 2903 Aristophanes
1542 2815 1721 2881 sicut
1781 2813 2346 2902 Thesmophoria,
2391 2813 2487 2882 ita

457 2925 799 2994 Eleusinia
831 2944 988 2991 cum
1023 2923 1281 2990 comica
1333 2920 1539 2989 simul
1569 2919 1882 2988 libertate
1928 2925 1995 2987 et
2054 2920 2291 3007 patriae
2324 2919 2485 2988 reli-

457 3031 680 3122 gionis
711 3036 1026 3119 respectu
1069 3028 1501 3118 expresserit.

548 3141 918 3226 Postquam
973 3134 1275 3222 AEschyli
1316 3155 1397 3203 ex
1428 3133 1665 3201 inferis
1715 3132 2090 3202 reducendi
2135 3136 2339 3220 atque
2388 3131 2481 3199 ita

457 3246 797 3338 Euripidis
829 3243 1122 3314 vexandi
1151 3243 1455 3332 suscepit
1482 3241 1846 3309 consilium
1892 3239 2217 3321 comicus,
2245 3259 2483 3308 neces-

457 3356 634 3424 sario
678 3353 978 3443 quodam
1030 3350 1238 3418 modo
1291 3348 1783 3418 obversabatur
1831 3346 2182 3414 memoriae
2226 3345 2481 3414 fabula-

456 3484 612 3530 rum
653 3461 889 3541 series,
917 3458 1168 3547 quibus
1199 3458 1490 3526 heroum
1530 3454 1617 3522 ad
1640 3456 1989 3523 Avernum
2022 3453 2395 3522 descensus
2420 3461 2487 3524 et

454 3570 857 3638 umbrarum
904 3565 1208 3636 evocatio
1249 3563 1430 3654 apud
1479 3563 1708 3653 epicos
1763 3562 2191 3651 tragicosque
2248 3568 2486 3652 poetas

453 3675 945 3745 illustrabatur.
1001 3672 1272 3741 Nullius
1326 3671 1466 3738 fere
1529 3668 2013 3758 pervulgatum
2065 3667 2285 3758 magis
2344 3675 2487 3738 erat

373 3774 381 3783 ’
453 3785 582 3853 iter
649 3803 858 3872 quam
931 3779 1242 3849 Herculis
1305 3797 1512 3866 quem
1575 3775 1889 3844 ferebant
1951 3781 2106 3865 post
2170 3777 2490 3844 Centauri

451 3891 714 3960 caedem
777 3886 1143 3958 Eleusiniis
1191 3886 1537 3953 initiatum
1606 3883 2220 3973 purificatumque,
2268 3904 2479 3966 reqna

511 4140 530 4175 ¹
573 4139 773 4195 Thesm„
806 4142 918 4187 363.

510 4219 534 4254 ²
569 4221 722 4280 wid„
749 4223 842 4271 629
872 4225 918 4272 et
943 4234 1044 4280 sem
