3167 5125
1523 542 1805 596 -74-

650 666 945 756 phorum
983 664 1440 757 quorumdam
1479 673 1548 736 et
1592 672 1825 737 vatum
1861 666 2131 736 somnia
2178 665 2251 735 in
2297 666 2681 737 inferorum

654 772 1489 863 descriptioneversantia,
1519 774 1883 843 videbatur
1904 774 2245 863 exagitare
2283 799 2295 842 :
2331 796 2474 843 non
2493 776 2681 844 enim

653 894 936 973 ἁπόῤῥητα
961 880 1074 948 illa
1105 889 1320 959 erant,
1368 882 1490 951 sed
1529 882 1767 951 multis
1796 882 2070 963 libellis,
2106 881 2549 964 carminibus,
2586 883 2681 950 fa-

652 987 831 1056 bulis
863 989 1018 1057 trita
1047 993 1114 1057 et
1146 989 1454 1057 obsoleta
1494 992 1542 1058 ¹.

739 1096 1058 1183 Mysteria
1121 1118 1336 1183 quum
1402 1099 1496 1164 ita
1552 1097 1623 1163 in
1684 1098 2087 1165 universum
2146 1096 2453 1164 imitatus
2496 1104 2680 1167 esset

647 1202 1164 1291 Aristophanes,
1210 1224 1294 1271 ox
1324 1204 1617 1293 singulis
1648 1207 1889 1272 eorum
1920 1205 2227 1294 partibus
2270 1225 2387 1273 eas
2420 1205 2679 1295 delegit

646 1330 797 1399 quae
819 1318 886 1378 et
909 1310 1157 1379 fabulae
1187 1312 1663 1381 conducebant
1680 1316 2084 1402 argumento
2108 1319 2176 1381 et
2203 1332 2373 1401 quas
2399 1312 2502 1379 fas
2528 1319 2676 1381 erat

649 1418 906 1486 comice
935 1438 1285 1499 exornare,
1331 1432 1631 1512 πρόρρησιν
1673 1420 1967 1509 primum
2005 1423 2056 1498 2,
2086 1438 2218 1506 qua
2249 1439 2391 1486 non
2426 1418 2676 1508 impios

649 1529 717 1591 et
741 1524 1064 1593 barbaros
1121 1526 1243 1593 sed
1293 1524 1651 1594 comoediai
1683 1525 2112 1593 adversarios
2143 1533 2210 1594 et
2244 1541 2489 1615 γενναίων
2521 1536 2679 1617 ὄργια

645 1652 868 1701 Μουσῶν
921 1638 1443 1702 contemnentes
1499 1635 1765 1702 theatro
1822 1634 2056 1723 abigit,
2138 1636 2336 1723 ἴακχον
2390 1634 2669 1719 deinde,

649 1738 717 1805 id
741 1745 845 1806 est
875 1760 1201 1829 pompam
1235 1761 1369 1829 qua
1396 1743 1731 1829 mysticus
1754 1742 2055 1810 Bacchus
2080 1742 2506 1810 initiatorum
2522 1742 2681 1809 cho-

649 1866 800 1911 rum
851 1866 930 1915 ex
987 1846 1155 1913 urbe
1205 1846 1292 1915 ad
1341 1848 1643 1915 Eleusini
1708 1847 2096 1937 fingebatur
2144 1848 2393 1917 ducere
2430 1853 2481 1916 3.
2536 1850 2679 1925 Qua

649 1954 1026 2022 imitatione
1051 1976 1190 2022 non
1239 1974 1482 2023 arcana
1524 1958 1797 2025 silentio
1830 1958 2036 2045 digna
2064 1957 2414 2046 vulgabat,
2451 1976 2677 2045 neque

647 2061 1126 2129 sacrificiorum
1153 2063 1840 2151 purificationumque
1880 2063 2331 2132 dedecorabat
2361 2066 2672 2153 majesta-

648 2172 788 2236 tem
820 2193 838 2249 ;
869 2169 992 2237 sed
1018 2191 1172 2258 quae
1196 2168 1520 2258 frequens
1548 2172 1823 2251 civium,
1852 2170 2297 2252 advenarum,
2320 2191 2673 2240 servorum

650 2276 857 2343 etiam
890 2278 1284 2357 multitude,
1318 2298 1566 2367 pompa
1610 2283 2034 2356 transeunte,
2076 2278 2426 2367 adspicere
2456 2284 2525 2345 et
2554 2297 2673 2344 ex-

650 2384 872 2473 cipere
926 2390 1244 2473 poterant
1283 2386 1619 2473 expressit
1672 2385 1893 2452 :nihil
1957 2392 2099 2453 erat
2146 2385 2333 2473 quod
2384 2406 2669 2465 novum,

647 2492 1036 2561 inauditum
1065 2493 1370 2583 profanis
1397 2499 1465 2562 et
1492 2494 1778 2563 initiatis
1812 2498 2081 2562 tantum
2118 2498 2542 2562 reservatum
2568 2495 2673 2562 vi-

651 2599 948 2668 deretur.
1012 2620 1338 2690 Γεφνρισμῶν
1384 2621 1660 2688 quoque
1704 2600 2075 2689 imaginem
2116 2601 2414 2668 restituit
2446 2602 2474 2648 4
2521 2623 2676 2689 quae

651 2707 910 2774 facetiae
941 2713 1145 2794 atque
1175 2709 1312 2796 joci
1343 2707 1701 2776 comoediae
1734 2707 2245 2796 quodammodo
2276 2709 2451 2797 juris
2483 2714 2676 2777 erant

649 2820 856 2900 atque
887 2811 1092 2880 etiam
1127 2813 1480 2881 comoediae
1515 2823 1743 2882 ortum
1785 2814 2060 2883 dedisse
2084 2821 2436 2904 putantur.

737 2921 898 2998 Quae
974 2921 1203 2987 omnia
1281 2922 1336 2986 si
1393 2923 1671 3010 propius
1736 2923 2091 3012 inspicias,
2181 2943 2322 2990 non
2381 2927 2522 2991 tam
2586 2923 2673 2992 de

650 3027 968 3096 Eleusina
994 3027 1329 3116 religione
1352 3027 1530 3096 dicta
1569 3050 1777 3118 quam
1809 3029 1895 3098 de
1923 3031 2245 3098 Bacchica
2281 3030 2391 3098 vel
2440 3031 2672 3121 potius

649 3135 907 3202 comica
947 3134 1204 3223 optime
1231 3136 1499 3203 monuit
1529 3135 1972 3204 doctissimus
2003 3137 2330 3226 magister
2364 3144 2415 3218 ⁵,
2477 3141 2670 3227 cujus

649 3243 1050 3309 auctoritate
1081 3241 1260 3308 hanc
1299 3241 1837 3330 disputationem
1876 3245 2203 3333 auspicati
2244 3265 2509 3312 sumne.
2541 3247 2667 3312 Re-

647 3349 922 3438 ligionis
960 3369 1221 3418 arcanae
1271 3351 1631 3439 praeconia,
1670 3351 1954 3418 deorum
1998 3350 2260 3432 laudeS,
2298 3353 2391 3440 pii
2431 3356 2670 3418 cantus

645 3457 737 3529 ita
777 3458 1309 3526 commiscentur
1333 3457 1594 3528 facetiis
1632 3465 1749 3524 aut
1808 3462 2276 3546 temperantur
2308 3458 2665 3526 comoediae

714 3736 732 3770 ¹
768 3736 840 3784 Cf.
867 3749 980 3795 quae
1012 3737 1142 3784 infra
1173 3738 1232 3783 de
1264 3737 1565 3798 Gerytadum
1592 3737 1867 3796 fragmento
1892 3738 2358 3785 commentabimur.

707 3813 732 3848 2
765 3819 910 3874 Ran„
945 3817 1034 3864 354
1060 3821 1108 3864 et
1136 3831 1238 3876 seq.
1268 3817 1423 3873 Quam
1460 3831 1559 3864 non
1590 3818 1801 3876 praefixit
1835 3831 2029 3876 pompae
2056 3819 2282 3877 mysticae
2320 3820 2405 3866 sed
2439 3819 2669 3876 intexuit,

573 3926 578 3930 ·
645 3898 764 3945 artis
790 3899 1013 3957 regulam
1038 3911 1139 3945 non
1174 3898 1429 3957 religionis
1461 3912 1648 3944 morem
1683 3903 1893 3946 secutus.
1923 3900 1994 3946 Cf.
2026 3901 2067 3945 J.
2097 3900 2310 3956 (31111Αο1),
2341 3913 2421 3959 op.
2446 3901 2549 3955 cit..
2580 3900 2668 3948 413

643 3983 690 4026 et
717 3993 818 4037 seq.
847 3981 934 4027 ΤΗ.
961 3981 1116 4034 Κο011,
1153 3979 1350 4026 Introd.
1377 3979 1445 4025 ad
1477 3980 1621 4034 Rau„
1655 3979 1733 4026 34.
2196 3978 2203 3982 “

706 4059 728 4093 3
765 4058 960 4122 Ἴακχον
976 4061 1059 4108 τὸν
1086 4059 1348 4123 ἀρχεγέτην
1375 4064 1472 4108 τῶν
1501 4059 1779 4122 μυστηρίων
1804 4063 1886 4117 τῆς
1913 4059 2185 4124 Δήμητρος.
2216 4062 2415 4117 STRAB„
2443 4061 2527 4118 IX,
2556 4061 2664 4110 468.

706 4138 728 4172 ⁴
763 4143 908 4196 Ran„
942 4139 1030 4186 416
1061 4143 1234 4198 etseq.

705 4218 728 4254 ⁵
759 4223 801 4270 J.
835 4221 1046 4276 Ginmn,
1079 4221 1171 4268 loc.
1199 4218 1279 4265 cit.
1315 4219 1386 4268 Cf.
1413 4221 1500 4270 Ta.
1529 4222 1683 4275 KOCK,
1712 4219 1928 4269 adnotat.
1965 4220 2043 4267 ad.
2080 4235 2127 4268 v.
2153 4223 2242 4268 316
2272 4223 2319 4268 et
2344 4235 2449 4286 seq.
