3167 5125
1527 527 1600 541 -.-
1634 498 1849 555 100...

681 624 881 693 solita
931 625 1442 715 magnificentia
1471 624 1817 695 celebrare
1871 622 2295 714 cogebantur
2330 625 2381 703 ¹,
2440 622 2705 691 nullam

679 732 884 800 aliam
914 732 1142 803 inesse
1171 732 1574 823 religionem
1606 752 1815 823 quam
1850 744 2009 801 ἀθέων
2040 730 2355 799 omnium
2400 729 2705 799 celeber-

683 839 838 907 rimi
887 840 1362 909 carminibus?
1401 839 1596 919 Quod
1644 838 1815 909 adeo
1861 840 2089 908 visum
2126 844 2234 909 est
2282 836 2707 928 stupendum

683 944 1122 1037 quibusdam,
1183 953 1260 1015 ut
1316 954 1472 1037 post
1513 959 1671 1041 ὅνπερ
1712 963 1983 1041 Διαγόρας
2026 966 2169 1015 non
2214 956 2327 1037 ᾅδει
2382 941 2705 1013 subaudi-

679 1059 854 1135 rent,
889 1053 1014 1123 sed
1041 1064 1306 1147 διασύρει,
1332 1068 1576 1145 zimara
1596 1062 1715 1124 aut
1738 1055 1869 1124 alia
1896 1054 2171 1135 similia;
2192 1052 2475 1143 quidam
2496 1050 2703 1119 etiam

679 1168 1302 1231 commemorarent
1343 1163 1704 1253 Diagoram
1763 1164 1873 1252 pia
1934 1162 2233 1253 primum
2282 1163 2515 1229 mente
2568 1157 2707 1225 ins·

683 1267 996 1350 tinctum,
1024 1268 1356 1358 primitias
1377 1270 1636 1361 ingenii
1662 1270 1767 1339 sui
1800 1268 1932 1339 diis
1980 1266 2409 1339 celebrandis
2440 1264 2707 1333 dicasse

679 1380 750 1443 et
769 1380 1006 1464 postea
1022 1382 1290 1445 tantum
1321 1390 1472 1449 ἀθέου
1502 1396 1760 1447 nomen
1790 1377 2147 1457 meruisse,
2166 1376 2259 1444 ita
2276 1380 2492 1449 utfiaem
2522 1376 2708 1441 esset

680 1480 749 1548 in
785 1502 989 1551 versu
1016 1483 1136 1552 illo
1179 1483 1672 1575 supplendum.
1716 1482 1975 1563 Quibus
2024 1489 2254 1551 tamen
2295 1482 2703 1569 interpreta-

679 1588 1007 1671 tionibus,
1045 1590 1360 1673 ni.fallor,
1405 1588 1632 1661 obstat
1678 1591 1889 1661 totius
1928 1588 2181 1679 dialogi
2222 1594 2444 1668 tenor,
2479 1584 2707 1654 lucida

682 1716 802 1785 per
833 1716 909 1765 se
960 1698 1302 1767 sententia
1349 1704 1419 1767 et
1466 1718 1785 1789 procaces
1830 1696 2197 1767 amborum
2251 1714 2565 1785 personae
2591 1693 2709 1781 qui

682 1804 1272 1873 sanctissimarum
1351 1806 1900 1875 caerimoniarum
1958 1804 2363 1895 gravitatem
2430 1800 2707 1870 comicis

682 1917 924 1979 curant
950 1917 1334 2003 temperare
1368 1913 1658 1995 facetiis,
1682 1920 1751 1982 et
1769 1931 2165 2003 quanquam
2203 1911 2275 1978 in
2305 1910 2482 1977 seria
2507 1926 2705 1999 pom-

681 2037 922 2109 parum
954 2020 1361 2102 imitatione,
1397 2020 1484 2091 de
1522 2026 1745 2111 poetae
1772 2019 2153 2105 admonent
2199 2016 2573 2108 proposito.
2607 2014 2709 2083 Ita
2764 2109 2779 2115 ·

679 2127 903 2217 potuit
941 2146 1030 2197 ne
1062 2128 1466 2197 castissimis
1498 2127 1781 2217 quidem
1817 2126 2129 2195 fontibus
2166 2126 2513 2194 abstinere
2550 2142 2705 2190 nos-

681 2238 809 2313 ter,
837 2233 1218 2303 dummodo
1247 2236 1414 2305 artis
1439 2235 1770 2305 miraculo
1800 2235 2136 2304 emineret
2161 2232 2369 2301 decor
2394 2236 2462 2299 et
2483 2230 2707 2298 numi-

683 2361 853 2410 num
928 2342 1243 2411 omnium
1309 2342 1558 2412 Gratiae¹
1623 2344 1970 2433 Musaeque
2030 2340 2450 2432 praecipuum
2501 2357 2707 2407 suum

685 2449 1022 2519 honorem
1051 2449 1464 2521 obtinerent.
2334 2534 2340 2539 .

771 2558 856 2627 Hi
919 2562 1150 2628 tamen
1186 2557 1272 2628 de
1329 2558 1566 2628 inferis
1610 2559 1773 2648 joci,
1828 2558 1887 2627 si
1930 2563 2112 2627 recte
2156 2553 2704 2648 perpenduntur,

683 2667 850 2735 satis
874 2666 1088 2736 fidem
1115 2667 1376 2734 faciunt
1406 2665 1589 2756 apud
1638 2666 1893 2734 multos
1905 2667 2052 2756 jam
2081 2664 2373 2733 Athenis
2400 2668 2567 2732 tunc
2599 2662 2707 2728 in-

683 2773 982 2840 valuisse
1001 2773 1422 2862 opinionem,
1447 2791 1655 2860 quam
1684 2773 1898 2842 semel
1926 2777 2132 2860 atque
2156 2771 2406 2839 iterum
2442 2769 2513 2836 in
2542 2769 2710 2836 Tus-

682 2880 944 2948 culanis
971 2881 1466 2968 quaestionibus
1497 2880 1853 2970 vulgarem
1899 2880 2114 2950 fuisse
2142 2879 2321 2971 apud
2362 2881 2710 2947 Romanos

683 2989 908 3056 Cicero
962 2993 1253 3056 testatur
1283 2991 1310 3035 ‘²
1359 3012 1372 3054 ε
1416 3010 1444 3052 ι
1480 2988 1642 3065 Quae
1689 2994 1795 3057 est
1840 3008 2015 3056 anus
2058 2994 2223 3055 tam
2283 2985 2520 3065 delira,
2555 3005 2711 3072 quae

685 3094 920 3164 timeat
947 3095 1076 3164 ista
1106 3117 1260 3184 quae
1290 3115 1414 3164 vos
1445 3093 1784 3174 videlicet,
1839 3101 1899 3162 si
1937 3099 2221 3180 physica
2260 3115 2401 3161 non
2429 3097 2707 3160 didicis-

681 3207 861 3283 setis,
895 3201 1227 3272 timeretis
1265 3227 1279 3268 z

1001 3379 1310 3436 Acherusia
1348 3381 1584 3451 templa,
1612 3381 1727 3435 alta
1748 3380 1895 3448 Orci,
1924 3381 2136 3452 pallida

1001 3467 1142 3536 Leti,
1169 3467 1459 3537 obnubila,
1491 3468 1673 3525 obsita
1698 3469 1947 3528 tenebris
1966 3467 2163 3537 locaY»

773 3665 852 3732 Et
875 3665 1042 3732 alias
1072 3688 1087 3730 :
1124 3691 1160 3728 «
1200 3664 1341 3744 Dic,
1379 3685 1641 3752 quaesO,
1680 3685 1849 3766 num
1875 3671 1943 3735 te
1980 3663 2097 3732 illa
2130 3671 2413 3746 terrent,
2449 3664 2705 3754 triceps

682 3769 866 3862 apud
904 3769 1162 3840 inferos
1213 3769 1568 3850 CerberUS,
1638 3771 1869 3859 Cocyti
1899 3765 2239 3853 fre'mituS,
2293 3771 2709 3840 transvectio

685 3877 1111 3961 Acherontis,
1167 3883 1406 3946 mento
1469 3897 1816 3946 summam
1867 3897 2115 3969 aquam
2169 3879 2515 3969 attingens
2577 3877 2706 3945 sibi

745 4096 762 4131 ¹
799 4098 871 4146 Gt.
904 4099 992 4145 Tu.
1017 4078 1186 4153 Koa,
1203 4096 1371 4143 adnot.
1401 4097 1456 4143 in
1482 4097 1625 4152 aaa„
1658 4099 1719 4144 ad
1751 4111 1799 4144 v.
1828 4099 1919 4144 ³¹6
1950 4099 2149 4156 etseq..

743 4177 768 4214 ²
807 4177 992 4230 moal.
1022 4179 1218 4236 Quart..
1244 4179 1283 4234 1,
1309 4180 1336 4224 5
1367 4181 1415 4224 et
1441 4180 1518 4227 2¹.
