3167 5125
1291 512 1574 568 ...49-

410 658 567 709 mus
604 660 958 729 quaerere:
1012 660 1168 728 quae
1217 647 1473 719 tamen,
1520 644 1789 727 peracta
1842 638 2312 727 Aristophanis
2356 636 2449 705 fa·

411 749 596 829 bula,
629 749 984 816 veneratio
1017 742 1478 835 spectatorum
1513 746 1760 813 animis
1793 764 2153 833 superesse
2184 751 2447 834 poterat

413 856 528 943 qui
569 854 1031 923 deformatum
1055 854 1252 921 illum
1279 854 1674 941 Olympum,
1714 851 1801 919 ad
1830 852 2093 920 venalis
2121 870 2243 919 cau
2250 870 2449 939 ponae

414 966 534 1028 aut
563 960 899 1047 lupanarii
933 957 1460 1027 similitudinem
1489 978 1920 1047 expressum,
1954 956 2451 1047 adspexerant?

503 1066 902 1152 Insequenti
924 1085 1132 1142 anno,
1163 1070 1327 1130 Aves
1350 1063 1568 1132 doctae
1600 1064 1858 1131 suntin
1890 1084 2093 1131 scena
2130 1070 2178 1144 ¹,
2208 1066 2281 1130 in
2311 1064 2457 1151 qui-

415 1171 548 1238 bus
589 1170 1072 1259 Aristophanis
1119 1171 1495 1261 ingenium,
1559 1172 1768 1239 simul
1816 1178 2021 1259 atque
2052 1172 2339 1239 Athenae
2368 1169 2454 1237 ad

415 1277 771 1366 fastigium
791 1278 1149 1365 potestatis
1173 1286 1242 1346 et
1267 1280 1412 1367 spei
1443 1278 1826 1366 magnificae
1850 1275 2285 1344 altitudinem
2314 1295 2459 1365 per·

418 1390 775 1463 venerant,
809 1382 895 1450 ad
921 1386 1255 1452 terminos
1279 1385 1466 1473 ipsos
1492 1383 1932 1473 lepidissimae
1954 1384 2117 1455 artis
2143 1388 2459 1451 evectum

419 1496 547 1559 est.
591 1490 709 1557 Cui
743 1488 996 1557 fabulae
1045 1490 1425 1559 doctissimi
1477 1491 1603 1558 viri
1660 1492 1873 1559 totius
1899 1492 2246 1580 religionis
2286 1490 2457 1559 deli-

419 1596 727 1665 beratam
757 1596 984 1663 inesse
1015 1617 1376 1665 censuram
1409 1596 1873 1665 crediderunt.
1902 1600 2136 1686 Neque
2166 1598 2410 1686 injuria
2440 1622 2453 1662 :

421 1705 676 1793 quippe
744 1726 900 1793 quae
961 1704 1194 1771 divina
1273 1706 1713 1792 humanaque
1772 1704 2003 1771 omnia
2071 1704 2460 1793 gratissimo

423 1812 821 1878 facetiarum
861 1810 1105 1879 decore
1136 1817 1203 1877 et
1233 1811 1408 1878 alata
1445 1810 1742 1899 quadam
1782 1810 2149 1879 verborum
2190 1817 2462 1879 senten-

425 1918 814 2004 tiarumque
867 1916 1183 1985 libertate
1245 1919 1558 2005 attingat,
1633 1918 1971 2005 religiosis
2038 1938 2198 1985 vero
2259 1938 2461 2005 argu·

425 2025 680 2091 mentis
721 2024 1226 2112 amplissimum
1268 2023 1520 2091 tribuat
1569 2025 1824 2092 locum.
1882 2024 2154 2091 Nullam
2210 2026 2464 2112 quippe

427 2131 832 2219 placitorum
855 2137 1164 2198 veterum
1191 2131 1276 2199 de
1300 2130 1432 2198 diis
1459 2137 1720 2220 partem
1739 2132 2149 2220 praeteriisse
2165 2130 2458 2208 videtur,

427 2238 621 2325 quasi
651 2236 740 2305 de
771 2236 1109 2304 industria
1139 2256 1381 2305 vocare
1411 2238 1480 2303 in
1509 2237 1798 2305 dubium
1840 2238 2070 2305 omnia
2098 2242 2166 2305 et
2202 2236 2463 2304 facetiis

429 2344 816 2412 deformare
869 2343 1223 2412 voluisset.
1265 2344 1605 2431 Quidquid
1640 2344 2061 2433 philosophi,
2108 2344 2466 2430 Xenopha-

429 2472 588 2519 nem
645 2452 885 2527 secuti,
949 2451 1018 2517 in
1074 2450 1849 2539 anthropomorphismo
1895 2442 2229 2538 ineptum,
2285 2448 2466 2514 indi-

429 2579 670 2647 gnum,
751 2564 933 2625 recta
1007 2558 1388 2626 abhorrens
1464 2558 1752 2636 ratione,
1834 2554 2461 2646 deprehenderunt,

431 2666 948 2754 generationem
1011 2663 1296 2734 deorum
1355 2686 1506 2734 sese
1553 2666 1847 2734 invicem
1888 2666 1959 2731 in
2011 2663 2250 2730 mundi
2299 2664 2468 2752 regi-

432 2775 620 2841 mine
655 2771 1170 2860 excipientium,
1217 2772 1660 2840 barbarorum
1696 2773 2063 2840 numinum
2106 2792 2259 2838 cum
2294 2789 2467 2858 gen-

435 2879 672 2947 tilibus
701 2879 832 2946 diis
863 2879 1362 2958 aemulationes}
1421 2880 1962 2947 commentitiam
1998 2877 2472 2946 immortalita-

439 2994 602 3067 tem,
625 2986 930 3052 humana
947 2985 1111 3052 vitia
1131 2991 1336 3073 atque
1356 2985 1612 3074 flagitia
1634 2985 1720 3053 ad
1740 2986 2093 3073 Olympios
2119 2984 2468 3064 translata,

433 3091 662 3160 foedos
691 3112 985 3172 amoreS,
1022 3092 1516 3181 Aristophanes
1555 3093 1831 3181 collegit
1861 3090 2373 3180 quodammodo
2407 3098 2474 3158 et

437 3199 686 3266 fabulae
726 3220 870 3267 suae
899 3200 1250 3288 proposito
1282 3201 1598 3268 intexuit.
1642 3201 1802 3277 Quae
1833 3199 2066 3266 omnia
2091 3198 2473 3266 recensenti
2574 3265 2579 3269 .

439 3305 772 3374 dubitatio
827 3305 1144 3376 nulla-de
1193 3309 1429 3375 comici
1489 3308 1773 3376 consilio
1802 3326 2154 3375 remanere
2193 3311 2469 3394 potest:

438 3413 572 3480 nisi
601 3414 758 3501 quis
797 3413 1027 3480 forsan
1055 3415 1202 3502 ejus
1230 3413 1536 3482 stultitiae
1557 3415 2031 3482 acutissimum
2059 3415 2281 3483 virum
2314 3412 2479 3481 velit

440 3519 794 3600 damnare,
831 3525 907 3586 ut
937 3521 1084 3608 ipse
1111 3540 1249 3588 non
1280 3521 1668 3610 perviderit,
1706 3543 1919 3610 quum
1961 3521 2263 3589 fabulam
2295 3543 2478 3588 com-

444 3633 752 3715 poneret,
818 3626 1004 3714 quod
1057 3647 1208 3707 nOS,
1268 3613 1843 3717 philosophorum
1899 3629 2480 3719 disputationibus

439 3733 690 3812 edocti,
755 3753 835 3801 ex
891 3735 1040 3822 ejus
1101 3735 1665 3822 interpretatione
1718 3758 1859 3804 non
1915 3757 2286 3825 possumus
2340 3755 2480 3802 non

442 3840 791 3928 colligere.

505 4088 524 4124 ¹
545 4092 624 4142 Cf.
660 4093 744 4138 l'a.
785 4091 940 4148 Kena,
965 4091 1162 4140 Introd.
1192 4092 1258 4140 ad
1285 4095 1418 4140 Aves.
1449 4095 1499 4142 C.
1533 4096 1687 4150 Kocx,
1730 4090 1962 4152 Ari-noph
2001 4091 2108 4139 und
2152 4090 2233 4138 die
2257 4092 2374 4138 ooet.
2406 4088 2489 4137 des

453 4171 673 4232 Volksyl„
707 4176 766 4220 97
793 4177 840 4220 et
866 4186 968 4232 seq.

2049 4255 2084 4306 4
