3167 5125
1234 502 1402 561 -M
1453 530 1516 544 .-

359 631 526 693 aetas
609 625 892 714 poeticis
967 625 1406 705 decoraverat
1477 625 1990 708 *venustatibua
2062 625 2390 705 absoluta

359 731 678 821 quaedam
731 752 852 821 per
905 752 978 801 se
1034 739 1103 801 et
1184 753 1267 802 ex
1332 733 1685 805 altissimis
1756 736 2007 803 mentis
2084 734 2391 802 fontibus

359 838 765 928 deprompta
796 841 902 908 lex
945 841 1337 930 apparebat,
1373 840 1459 910 ad
1493 862 1697 929 quam
1727 842 2389 915 vetustiorumrefe-

361 945 578 1014 renda
593 953 800 1015 crant
827 955 1215 1033 commenta
1243 953 1314 1015 et
1341 968 1540 1016 novae
1567 948 1941 1038 dirigendae
1968 948 2295 1029 doctrinae
2333 953 2381 1016 ¹.

361 1054 786 1141 ProtagoraS,
828 1075 985 1121 cum
1031 1066 1281 1125 ἁπάντων
1308 1070 1492 1145 μέτρον
1528 1057 1884 1125 hominem
1934 1075 2086 1124 esse
2122 1057 2382 1145 procla-

361 1166 606 1239 maret,
686 1182 924 1231 verum
1003 1162 1390 1251 falsumque
1445 1184 1486 1230 a
1555 1163 1988 1253 singulorum
2075 1164 2387 1234 mutabili

363 1267 580 1337 voluit
630 1268 930 1357 pendere
963 1269 1263 1356 judicio:
1327 1277 1498 1351 esto,
1551 1290 1942 1359 quanquam
2002 1270 2068 1339 id
2115 1292 2389 1359 quoqne

361 1380 587 1463 potest
645 1374 938 1445 dubitari
973 1381 1024 1443 2.
1107 1376 1238 1445 Sed
1309 1397 1390 1448 eo
1465 1378 1615 1467 ipso
1680 1378 1950 1445 infinita
2014 1378 2385 1468 cognitioni

357 1482 624 1570 aperuit
655 1484 987 1552 curricula
1019 1490 1086 1551 et
1118 1485 1474 1557 scientiam
1508 1486 1870 1553 hominum
1912 1488 2068 1575 jure
2125 1484 2389 1553 dicetur

359 1608 758 1660 renovasse.

452 1697 762 1765 Socrates
815 1698 976 1765 inde
1016 1698 1288 1787 collegit
1335 1699 1709 1767 humanam
1768 1706 2070 1769 mentem
2126 1700 2387 1771 fontem

362 1824 516 1873 esse
549 1804 734 1871 unde
757 1824 986 1875 rerum
1019 1806 1334 1883 omnium
1373 1813 1724 1880 emanaret
1764 1807 2063 1895 cognitio
2111 1812 2179 1873 et
2230 1826 2387 1895 spe·

361 1910 594 1977 culum
625 1910 696 1979 in
723 1932 858 1997 quo
886 1912 1226 1983 universae
1257 1921 1516 1982 naturae
1537 1916 1764 2002 imago
1788 1914 2203 2002 pingeretur.
2236 1914 2293 1979 N
2298 1934 2387 1989 on

361 2037 610 2095 sensus
667 2023 872 2104 atque
933 2018 1214 2087 affectus
1270 2020 1655 2098 hominum,
1722 2041 2014 2109 quorum
2084 2018 2383 2095 conditio

361 2127 545 2193 fluxa
571 2132 640 2192 et
663 2125 1009 2195 mutabilis
1039 2131 1166 2205 est,
1201 2126 1321 2193 sed
1350 2127 1683 2195 rationem
1707 2128 1925 2217 ipsam
1957 2130 2026 2195 in
2060 2126 2383 2197 omnibus

359 2252 514 2319 quae
541 2230 628 2297 ad
659 2252 908 2311 moreS,
974 2232 1374 2321 religionem
1413 2240 1617 2321 atque
1656 2236 2013 2312 scientiam
2034 2236 2383 2323 pertinent

363 2338 595 2410 valere
624 2358 826 2411 unam
877 2337 1378 2419 arbitrabatur3
1437 2342 1631 2429 cujus
1680 2349 1863 2417 certo
1911 2341 2170 2431 judicio
2226 2361 2381 2429 spe-

361 2440 582 2516 ciosas
639 2446 1020 2535 praesertim
1067 2446 1152 2515 de
1183 2445 1331 2527 ¹diis
1377 2448 1741 2535 opiniones
1790 2448 2102 2537 subjecit,
2164 2448 2257 2515 ita
2312 2454 2385 2516 ut.

357 2554 642 2625 infantia
681 2554 896 2630 nostri
941 2554 1214 2643 generis
1241 2552 1475 2626 adulta
1525 2554 1845 2624 virilitate
1888 2555 2370 2644 corrigeretur,

358 2661 642 2736 virilitas
670 2662 816 2750 ipsa
848 2660 918 2726 in
964 2661 1226 2728 ratione
1275 2667 1540 2728 tantum
1590 2669 1925 2750 quaereret
1965 2661 2378 2737 subsidium.

449 2769 670 2856 Hujus
700 2773 905 2834 tantae
945 2786 1172 2841 rerum
1205 2770 1526 2842 ,omnium
1588 2769 2051 2845 renovationis
2106 2769 2381 2856 signum

360 2875 524 2945 dare
555 2874 903 2962 sophistae,
941 2872 1192 2947 deinde
1239 2893 1313 2941 ac
1356 2875 1603 2943 melius
1655 2877 1961 2971 Socrates
2012 2895 2149 2943 non
2188 2880 2381 2962 pote-

361 2983 708 3069 rantquin
749 2981 979 3058 statim
1035 2987 1435 3066 sequeretur
1471 2983 1901 3070 ,perturbatio
1932 2989 2150 3070 atque
2194 2983 2382 3051 inso-

357 3089 526 3156 litus
554 3087 990 3176 ingeniorum
1011 3087 1358 3176 profectus
1395 3092 1444 3155 3.
1479 3089 1607 3158 Sed
1630 3091 1873 3168 litteris
1900 3097 2103 3177 atque
2122 3087 2384 3164 artibus

358 3216 575 3284 quum
615 3213 958 3272 summam
985 3193 1475 3281 perfectionem
1531 3196 1817 3277 addidit,
1876 3217 2151 3270 morum
2185 3195 2382 3268 incli-

357 3301 710 3375 nationem
735 3299 1044 3378 .celerare
1069 3298 1258 3369 visus
1289 3308 1414 3383 est,
1453 3312 1521 3371 et
1559 3304 1794 3377 multis
1824 3323 2135 3382 securam
2180 3304 2381 3391 igno-

357 3409 675 3487 rantiam,
733 3426 867 3496 qua
905 3412 1106 3475 antea
1145 3405 1580 3490 .,fruebantur,
1646 3409 2170 3483 desiderabilem
2226 3408 2382 3476 red-

358 3515 556 3591 didit·
618 3514 913 3589 Humani
968 3513 1243 3602 generis
1297 3519 1586 3590 annales
1633 3518 2018 3596 evolventi,
2086 3516 2383 3605 querelae

357 3631 754 3718 obstrepere
821 3628 1064 3699 ,solent
1107 3648 1346 3707 eorum
1422 3627 1535 3716 qui
1614 3625 1853 3698 eadem
1930 3643 2203 3711 semper
2274 3623 2381 3690 via

358 3736 924 3818 homines-velint
975 3741 1357 3823 pergereet
1395 3735 1896 3814 incrementum
1948 3751 2153 3802 omne
2184 3729 2379 3798 dam-

419 4018 434 4053 ¹
463 4013 551 4074 .Cf.
577 4021 994 4088 Enfflpqstiritlt„
1019 4022 1143 4086 fregg.
1177 4026 1284 4076 538.

417 4095 441 4132 ²
479 4100 666 4159 Theon„
698 4105 784 4148 152
817 4105 872 4155 A,
898 4107 946 4149 et
976 4103 1175 4161 passim.

416 4179 439 4214 ²
472 4184 728 4238 maeror„
761 4181 926 4238 Pelia,
959 4183 1080 4238 vul,
1113 4187 1156 4230 5.
