3167 5125
1606 564 1884 618 -1‘0—

739 694 952 763 titiam
1010 690 1420 770 didicerunt,
1483 696 1552 757 et
1607 690 1749 779 pari
1820 676 2221 775 contemptu
2288 705 2433 753 non
2502 683 2777 751 fabulas

743 805 1009 866 tan-tum
1043 797 1166 866 sed
1199 798 1510 865 instituta
1539 816 1617 863 ac
1648 796 1837 885 leges
1908 792 2293 861 fabularum
2346 792 2577 858 innixa
2623 790 2774 858 fun-

739 905 1082 975 damentis
1133 906 1449 994 prosequi
1494 911 1657 972 sunt
1702 902 1948 971 edocti.
1998 902 2169 968 Tum
2221 899 2549 967 desinunt
2599 897 2769 987 dog-

738 1018 942 1092 mata,
982 1012 1260 1101 poeticis
1289 1012 1509 1099 magis
1548 1011 1794 1079 decora
1824 1008 2249 1077 ornamentis
2294 1026 2501 1094 quam
2534 1006 2766 1072 incor-

736 1119 952 1208 ruptis
984 1139 1212 1187 rerum
1245 1119 1710 1186 monumentis
1746 1115 2015 1192 tradita,
2064 1114 2463 1202 simpliciter
2494 1111 2713 1201 excipi
2744 1134 2761 1189 ;

743 1231 1070 1293 vocantur
1099 1226 1168 1293 in
1203 1225 1516 1305 dubium,
1553 1225 1784 1293 subtili
1812 1227 2354 1319 interpretationi
2383 1247 2762 1295 accommo-

741 1332 1014 1412 dantur,
1097 1332 1512 1401 damnantur
1595 1356 1871 1423 quoque
1936 1344 2051 1403 aut
2110 1337 2266 1424 quia
2324 1335 2570 1403 rationi
2624 1354 2765 1401 non

741 1439 1191 1519 satisfaciunt,
1225 1448 1344 1507 aut
1373 1441 1534 1527 quia
1564 1462 1722 1509 cum
1750 1444 1951 1510 castis
1982 1442 2290 1510 moribus
2315 1462 2453 1510 non
2476 1447 2767 1530 possunt
2826 1428 2831 1431 ¹

739 1546 1433 1634 conciliarizquorum
1482 1548 1770 1616 alterum
1820 1549 2160 1639 praecipue
2182 1549 2446 1626 doctOS,
2476 1548 2765 1615 alterum

738 1653 987 1743 vulgus
1052 1653 1468 1721 ineruditum
1525 1655 1865 1723 movebat.
1926 1658 2021 1723 Ita
2060 1656 2387 1744 paulatim
2447 1654 2769 1722 novitatis

744 1761 1050 1828 studium
1083 1781 1221 1829 non
1263 1761 1471 1829 modo
1526 1763 1989 1851 ingenuorum
2050 1762 2302 1829 civium
2354 1761 2599 1829 domos
2646 1750 2769 1829 sed

741 1868 1013 1956 plebem
1045 1889 1318 1957 quoque
1340 1870 1613 1949 invasit,
1650 1892 1802 1957 quae
1828 1870 2258 1959 philosophis
2289 1871 2508 1958 impar
2539 1868 2767 1957 praeci-

747 1975 1116 2063 pientibuS,
1191 1983 1526 2064 negantes
1586 1982 1703 2043 aut
1768 1978 2161 2045 dubitantes
2212 1976 2510 2066 perfecte
2564 1976 2767 2042 intel-

743 2083 891 2172 ligit
930 2086 976 2148 ¹.

833 2190 1040 2257 Multa
1097 2190 1405 2257 severius
1467 2190 1840 2277 antiquitas
1898 2191 2041 2259 fere
2102 2191 2329 2259 omnis
2386 2197 2453 2258 et
2512 2195 2766 2257 nostrae

745 2299 968 2366 aetatis
1025 2296 1268 2365 eruditi
1331 2298 1458 2364 viri
1517 2297 1605 2365 de
1662 2298 1991 2387 sophistis
2050 2298 2308 2386 opinati
2358 2302 2541 2374 sunt,
2595 2318 2769 2384 quos

747 2404 1016 2473 morum
1048 2405 1448 2492 corruptelae
1475 2412 1543 2471 et
1575 2403 1955 2473 desidentis
1976 2406 2362 2473 Graecorum
2386 2403 2765 2493 disciplinae

746 2533 900 2582 reos
939 2513 1160 2581 facere
1199 2512 1450 2580 solent.
1489 2513 1627 2580 Nec
1661 2518 1887 2602 potest
1916 2513 2149 2602 negari
2182 2511 2585 2602 percallidos
2615 2512 2769 2581 illos

747 2620 1082 2702 doctores,
1150 2626 1216 2686 et
1282 2620 1354 2685 in
1422 2625 1784 2708 utramque
1855 2626 2117 2709 partem
2184 2619 2426 2688 orandi
2484 2621 2763 2708 peritOS,

749 2733 924 2807 σκέψιν
994 2726 1350 2814 irrepsisse
1409 2725 1761 2794 mentibus
1818 2747 1970 2814 quae
2029 2726 2411 2794 fabularum
2470 2726 2770 2816 primum

747 2832 997 2901 deinde
1029 2834 1173 2900 veri
1211 2854 1483 2921 quoque
1529 2833 1715 2922 quod
1764 2835 1941 2901 fictis
1996 2834 2406 2912 continetur,
2460 2839 2769 2901 contem-

746 2944 944 3027 ptum
979 2940 1325 3029 progignit
1359 2944 1410 3006 2.
1437 2941 1664 3008 Sedut
1688 2940 2070 3008 fabularum
2100 2940 2302 3008 nodis
2335 2941 2771 3009 exsolverent

747 3047 1040 3138 animOS‚
1117 3066 1400 3116 necesse
1467 3053 1612 3115 erat
1666 3047 2162 3125 demonstrare,
2244 3065 2384 3114 non
2444 3048 2769 3114 marmori

747 3159 953 3241 atque
987 3153 1101 3220 aeri
1140 3153 1487 3241 inscriptis
1544 3151 1814 3240 legibus
1872 3152 2129 3242 alligari
2162 3173 2367 3242 posse
2419 3154 2763 3234 homines,

749 3259 870 3327 sod
927 3260 1129 3327 certis
1191 3259 1603 3347 quibusdam
1671 3267 1874 3347 atque
1932 3262 2147 3328 menti
2204 3261 2433 3328 infixis
2487 3261 2765 3350 reguliS,

747 3387 1037 3455 quarum
1065 3366 1149 3433 ad
1183 3366 1540 3433 arbitrium
1573 3365 1862 3434 deorum
1909 3387 2185 3456 quoque
2217 3374 2293 3434 ut
2351 3367 2768 3456 reliquorum

747 3474 1059 3541 omnium
1080 3472 1166 3540 ad
1189 3473 1684 3542 humanitatem
1709 3475 2220 3562 pertinentium,
2262 3473 2536 3541 habitus
2565 3480 2770 3563 atque

746 3578 971 3647 cultus
1020 3578 1376 3669 judicandi
1421 3585 1655 3649 essent
1689 3584 1740 3646 3.
1788 3582 2001 3670 Supra
2057 3581 2323 3649 fabulas
2369 3601 2540 3669 quas
2589 3583 2772 3670 prior

805 3819 825 3855 ¹
861 3823 975 3870 Haec
999 3823 1168 3869 omnia
1192 3823 1353 3870 fusius
1379 3822 1693 3882 explicantur
1724 3824 1780 3870 in
1828 3824 1955 3872 libro
1999 3828 2165 3872 nostro
2212 3837 2223 3868 τ
2248 3823 2419 3884 ,Εἰαάε
2446 3835 2537 3870 sur
2574 3821 2637 3870 les
2682 3819 2769 3871 de'-

744 3917 880 3952 mom
905 3903 1033 3951 dam
1052 3901 1106 3950 la
1128 3901 1411 3951 litterature
1437 3904 1481 3950 et
1509 3902 1562 3950 la
1583 3902 1794 3964 religion
1821 3902 1903 3953 des
1929 3907 2087 3953 (ἔνευε.
2120 3905 2230 3953 vid.
2260 3904 2533 3964 praesertim
2566 3917 2678 3962 cap.
2706 3906 2767 3960 ΙΙ,

744 3987 825 4042 111,
857 3987 936 4034 VI.

804 4065 828 4100 Ξ
861 4069 1052 4123 Binum,
1082 4063 1330 4124 Aristoph.
1361 4066 1471 4123 vit„
1503 4066 1526 4128 ἓ
1561 4068 1603 4112 7.

805 4145 836 4182 θ
867 4147 1062 4210 Νόμους
1081 4147 1324 4211 ἀγράφους
1362 4147 1558 4196 invocat
1588 4147 1834 4207 Antigone
1862 4147 1995 4207 apud
2022 4147 2312 4206 Sophoclem
2344 4147 2772 4208 religiosissimum

747 4233 956 4290 poetam.
981 4228 1166 4290 Δίκῃ,
1197 4227 1288 4277 450
1311 4231 1362 4276 ot
1381 4241 1485 4289 seq.
