3167 5125
1505 517 1824 573 -241‘2-

1047 730 1112 785 Εἰ
1131 730 1233 783 θεοί
1259 748 1310 783 τι
1342 724 1535 803 δρῶσιν
1569 728 1826 804 αἰσχρὸν,
1860 730 1954 806 onix
1978 730 2109 785 εἰσὶν
2140 730 2259 785 θεοί.

740 958 902 1035 Quae
931 976 1119 1027 mera
1148 977 1269 1049 pro
1312 957 1572 1046 vulgari
1626 956 2165 1030 Atheniensium.
2192 974 2406 1023 sensu
2441 954 2687 1042 impie-

650 1072 776 1142 taS,
813 1085 894 1132 eo
949 1065 1167 1153 magis
1217 1064 1287 1130 in
1352 1071 1625 1154 poetam
1662 1062 1906 1131 debuit
1954 1067 2359 1131 convertere
2412 1061 2689 1149 piorum

641 1171 1038 1256 inimicitias
1065 1177 1134 1237 et
1163 1169 1534 1239 accendere
1567 1169 1747 1249 odia,
1790 1168 1979 1257 quod
2010 1190 2151 1238 non
2188 1169 2425 1259 paucis
2460 1174 2689 1255 etpe-

651 1276 824 1355 ritis‚
855 1276 976 1345 sed
999 1282 1144 1346 toto
1171 1277 1424 1365 populo
1451 1274 1783 1359 audienti,
1812 1277 2363 1365 spectaculorum
2380 1275 2681 1343 solemni

643 1390 998 1472 apparatu,
1042 1389 1112 1452 et
1137 1384 1330 1471 quasi
1377 1383 1618 1450 Bacchi
1664 1382 1993 1451 defensus
2024 1383 2457 1458 auctoritate,
2506 1402 2686 1469 prae-

648 1496 840 1580 cepta
871 1490 983 1557 illa
1021 1496 1226 1578 atque
1255 1489 1655 1579 disciplinas
1684 1489 2161 1577 patefaciebat.

677 1648 682 1651 -
735 1598 946 1674 Quam
981 1596 1258 1665 tandem
1289 1596 1785 1685 indignationis
1837 1601 1955 1663 aut
2003 1596 2277 1664 derisus
2322 1596 2687 1664 materiam

645 1725 727 1772 ex
759 1724 838 1771 ea
872 1709 1056 1771 tanta
1095 1712 1164 1771 et
1197 1711 1338 1769 tam
1385 1698 1821 1771 formidanda
1880 1704 2236 1791 impietate
2274 1702 2685 1789 Aristopha-

645 1811 752 1877 nis
792 1810 1021 1877 hausit
1051 1808 1434 1877 comoedia?
1479 1810 1788 1876 Facetam
1826 1808 2109 1896 quidem
2152 1816 2223 1877 et
2238 1808 2679 1897 jucundissi-

648 1935 855 1994 mam,
892 1914 1013 1982 sed
1047 1934 1266 1982 raram
1292 1934 1565 2003 quoque
1586 1935 1813 2003 neque
1828 1936 1983 1983 eam
2004 1936 2161 2003 quae
2190 1916 2261 1982 in
2281 1914 2685 2004 Euripidem

645 2022 998 2110 religiosas
1027 2022 1414 2089 simultates
1444 2023 1783 2090 concitare
1814 2021 2094 2089 valeret.
2139 2022 2224 2089 Ut
2272 2041 2311 2087 a
2362 2022 2681 2089 minimis

645 2126 1017 2207 ordiamur,
1085 2132 1764 2211 Thesmophorlazusae
1800 2132 1849 2207 ¹,
1923 2150 2079 2216 quae
2128 2134 2271 2197 tota
2340 2129 2685 2219 tragoedia

643 2235 712 2299 in
753 2233 1129 2302 deridendo
1171 2234 1488 2322 Euripide
1519 2240 1853 2312 versatur,
1902 2236 2275 2329 ¹mulierem
2302 2235 2677 2313 inducunt,

643 2340 916 2407 corollis
949 2339 1306 2407 nectendis
1335 2347 1677 2427 quaestum
1710 2340 1840 2408 sibi
1890 2340 2113 2411 facere
2170 2347 2581 2411 consuetam
2614 2348 2687 2409 et

641 2452 1041 2533 querentem
1098 2446 1283 2534 quod
1341 2452 1545 2535 poeta
1592 2447 1662 2513 in
1713 2447 2067 2535 tragoediis
2132 2446 2451 2517 docendo
2508 2448 2685 2515 deos

643 2573 780 2620 non
812 2573 987 2632 esse,
1021 2554 1205 2622 victu
1232 2553 1450 2642 ipsam
1481 2552 1825 2621 fraudaret
1861 2577 1873 2617 :

1040 2768 1149 2818 Νῦν
1177 2759 1224 2816 δ’
1249 2757 1400 2823 οὗτος
1424 2764 1474 2818 ἐν
1503 2769 1685 2816 ταῖσιν
1712 2758 2033 2837 τραγῳδίαις
2058 2769 2219 2817 ποιῶν

1041 2860 1178 2920 Τοὺς
1203 2855 1404 2934 ἄνδρας
1433 2860 1769 2915 ἀναπέπεικεν
1796 2861 1889 2912 οὐκ
1916 2853 2053 2912 εἶναι
2084 2859 2252 2920 θεοὺς.

726 3093 1010 3162 Duobus
1041 3095 1359 3162 versibus
1413 3115 1538 3162 nec
1588 3114 1933 3182 quoquam
1989 3095 2291 3182 amplius
2354 3094 2683 3184 potuitne

637 3201 1130 3288 Aristophanes
1187 3202 1708 3270 Atheniensium
1772 3202 2041 3268 animos
2096 3203 2168 3268 in
2226 3203 2527 3290 impium
2580 3202 2684 3267 in-

638 3307 1032 3375 flammare?
1079 3309 1210 3375 Res
1258 3308 1428 3396 ipsa,
1465 3309 1536 3374 ni
1581 3308 1801 3386 fallor,
1850 3307 2325 3395 respondebit.
2390 3310 2456 3376 Si
2534 3329 2681 3375 non

638 3414 881 3501 potuit,
941 3434 1062 3501 pro
1115 3413 1581 3482 demonstrato
1638 3414 1764 3480 erit
1830 3413 2231 3481 habendum
2286 3415 2491 3482 illum
2556 3435 2683 3482 no·

636 3516 873 3586 luisse.

720 3623 815 3689 De
845 3628 1048 3690 Ranis
1083 3629 1110 3671 ²
1142 3627 1284 3714 jam
1327 3621 1689 3692 adnotavit
1716 3624 2441 3694 auctor-'doctissimus
2464 3681 2479 3706 ‚
2530 3648 2683 3694 non

633 3727 999 3816 impietatis
1028 3749 1232 3798 causa
1271 3723 1665 3818 Euripidem
1694 3723 1949 3809 vexari,
1987 3732 2262 3800 etiamsi
2298 3754 2681 3822 argumen-

617 3839 780 3900 -tum
813 3833 996 3902 illius
1026 3833 1641 3922 comoediaeansam
1674 3835 2009 3922 optimam
2065 3837 2230 3904 huie
2288 3839 2411 3906 tali
2442 3840 2684 3907 crimi-

694 4090 712 4123 ¹
755 4090 1042 4150 Thesmoph„
1069 4092 1175 4139 450.
2112 4122 2117 4127 -

689 4169 714 4204 2
747 4171 852 4218 vid.
885 4173 1027 4230 Ram,
1059 4175 1164 4228 100,
1193 4175 1302 4230 892,
1326 4175 1434 4230 936,
1467 4173 1537 4220 Cf.
1575 4175 1625 4222 G.
1658 4175 1812 4228 Κοοκ,
1840 4185 1921 4232 op.
1949 4175 2015 4220 eit
2044 4210 2055 4230 ‚
2088 4179 2215 4223 1-012.
