3167 5125
1373 531 1657 587 „23-

481 662 1084 743 'supervacaneum
1119 662 1222 722 est
1263 658 1308 722 ¹.
1339 654 1428 735 Si,
1467 662 1543 722 ut
1572 655 1972 725 Aristoteles
2002 657 2229 737 tradit,
2272 658 2527 727 heroici

501 761 820 828 carminis
870 766 1060 850 pater
1099 764 1167 829 in
1209 767 1511 845 Marqite,
1569 762 1754 851 quod
1810 769 2033 832 tamen
2097 764 2528 833 dubitatione

504 883 641 935 non
679 876 897 947 vacat,
957 868 1310 937 comoediae
1365 869 1640 936 initium
1696 869 1883 938 dedit
1944 897 1978 933 «
2013 886 2073 940 οὐ
2104 884 2266 959 ψόγον
2301 884 2437 941 ἀλλὰ
2466 887 2527 941 τὸ

497 989 694 1062 γελοῖον
723 986 1200 1065 δραματὸκοίησας
1233 980 1286 1055 2,
1325 1004 1358 1039 »
1395 978 1729 1067 conjicere
1763 978 1920 1046 licet
1947 977 2017 1045 in
2049 977 2181 1047 hoc
2213 987 2527 1068 poemate

503 1080 668 1150 deos
687 1082 944 1151 comice
966 1085 1380 1172 processisse
1407 1092 1496 1165 et,
1525 1085 1700 1152 sicut
1723 1085 1792 1152 in
1820 1092 2383 1175 Βατραχομυομαχίᾳ;
2408 1107 2529 1175 per

501 1188 776 1279 παρῴδίαν
818 1190 1031 1257 risum
1088 1210 1494 1279 provocasse
1555 1191 1945 1279 legentibus
1982 1196 2033 1257 3.
2087 1193 2249 1270 Quae
2298 1196 2527 1261 omnia

502 1296 690 1365 velut
715 1296 1115 1366 diverticula
1142 1298 1436 1387 pietatis,
1467 1299 1865 1387 perstrictos
1893 1298 2126 1367 divino
2160 1299 2527 1389 splendore

501 1404 768 1472 animos
819 1410 885 1471 et
951 1405 1241 1473 heroum
1293 1412 1677 1474 commotos
1738 1406 2153 1473 facinoribus
2218 1408 2525 1475 remitte-

502 1511 690 1590 bant,
743 1510 1038 1600 lenique
1065 1513 1340 1581 lascivia
1379 1532 1727 1580 sacrorum
1760 1514 2232 1602 temperabant
2274 1515 2523 1601 majes-

499 1626 736 1687 tatem.
771 1620 909 1688 Nec
935 1620 1314 1689 verendum
1341 1626 1506 1700 erat,
1544 1620 1765 1689 donec
1788 1621 2052 1710 integra
2082 1620 2527 1710 persuasione

504 1727 821 1796 homines
851 1727 1114 1796 fabulas
1155 1748 1396 1796 omnes
1437 1728 1887 1817 excipiebant,
1926 1749 2012 1797 ne
2047 1730 2225 1796 risus
2256 1729 2325 1794 in
2359 1749 2527 1795 con-

496 1840 840 1923 temptum
880 1832 1238 1915 evaderet,
1273 1856 1361 1902 ne
1394 1832 1699 1903 hilaritas
1747 1835 2096 1924 impietate
2136 1856 2526 1923 corrumpe-

473 1949 710 2011 ·retur.
759 1942 889 2011 Sed
940 1942 1375 2031 philosophia
1422 1963 1651 2011 veram
1686 1942 1899 2010 divini
1944 1944 2240 2032 speciem
2279 1942 2524 2010 adum-

501 2049 764 2128 brante,
798 2070 935 2116 non
951 2051 1096 2139 jam
1117 2049 1282 2117 item
1309 2070 1382 2117 se
1409 2070 1516 2118 res
1544 2048 1785 2117 habuit
1812 2074 1825 2116 :
1855 2051 2144 2118 excitata
2170 2057 2313 2117 erat
2338 2049 2525 2117 enim

499 2156 602 2223 vis
643 2156 852 2223 animi
883 2162 952 2223 et
988 2156 1074 2222 ad
1106 2155 1758 2245 deprehendendam
1803 2158 2169 2225 numinum
2222 2157 2524 2247 indigni-

501 2270 708 2331 tatem
761 2263 1160 2331 omnimodo
1210 2264 1592 2331 sollicitata.
1643 2266 1742 2333 Ita
1793 2266 2141 2333 veneratio
2198 2265 2525 2354 paulatim

500 2371 801 2449 evanuit,
823 2377 891 2439 et
911 2370 1092 2458 quod
1116 2371 1550 2459 Thucydides
1574 2371 1660 2439 de
1681 2372 2526 2460 pestilentiaetemporibus

501 2478 1061 2567 eloquentissime
1091 2478 1392 2569 jactavit,
1430 2478 1737 2545 moribus
1782 2477 2071 2567 publicis
2107 2477 2378 2545 videtur
2418 2477 2523 2542 in-

502 2587 788 2654 haeSiSSe
827 2621 850 2650 «t
883 2601 935 2662 ἐς
965 2600 1240 2676 ολιγωρίαν
1263 2600 1553 2677 ἐτράποντο
1578 2601 1670 2655 καὶ
1704 2600 1845 2677 ἱερῶν
1867 2600 1958 2656 καὶ
1990 2598 2143 2655 ὁσίων
2182 2597 2369 2676 ὁμοίως
2404 2593 2452 2654 4.
2498 2621 2517 2648 »

499 2693 690 2772 Quod
726 2694 994 2762 >vel0ex
1044 2694 1424 2782 quotidiani
1465 2695 1804 2764 sermonis
1858 2715 2021 2774 usu,
2081 2713 2297 2781 quem.
2344 2691 2525 2782 apud

498 2802 796 2870 comicos
821 2808 1170 2870 servatum
1194 2801 1532 2881 videmUS,
1559 2802 1639 2868 fit
1660 2802 2101 2870 manifestum
2134 2825 2147 2866 :
2178 2799 2523 2889 siquidem

499 2908 678 2998 apud
748 2914 1011 2977 veteres
1068 2914 1302 2998 poetas
1355 2929 1512 2976 cum
1565 2909 1665 2976 ira
1716 2929 1899 2997 saepe
1948 2915 2153 2997 atque
2206 2907 2555 2995 querela,-

499 3034 854 3104 nunquam
877 3015 963 3083 ad
996 3016 1481 3084 contumeliam
1513 3022 1580 3084 et
1606 3017 1841 3104 jocose
1872 3014 1963 3081 dii
1997 3014 2519 3103 compellantur,

501 3128 657 3212 post
695 3121 874 3192 bella
898 3124 1188 3192 ‘Persica
1226 3124 1425 3204 tritiS,
1473 3121 1819 3211 probrosis
1864 3126 1931 3188 et
1964 3141 2244 3209 prorsus
2277 3120 2522 3186 huma-

498 3231 605 3298 nis
645 3235 972 3318 petuntur
1010 3229 1599 3319 interjectionibus
1624 3253 1639 3309 ;
1694 3228 1807 3316 qui
1858 3247 2009 3295 mos
2046 3247 2189 3295 non
2251 3247 2525 3316 semper

498 3357 758 3406 meram
789 3335 1044 3405 indicat
1084 3337 1530 3428 impietatem,
1592 3334 1715 3404 sed
1760 3333 2151 3402 deliberatae
2192 3332 2521 3422 impietati

559 3637 578 3672 ¹
612 3641 679 3686 De
711 3635 918 3694 Oebalis,
949 3638 1191 3694 Panum,
1222 3639 1261 3692 1,
1291 3639 1398 3697 600,
1428 3643 1484 3684 n⁰
1515 3640 1561 3694 5,
1593 3642 1641 3683 et
1665 3636 1849 3684 librum
1874 3639 2099 3683 nostrum
2132 3647 2143 3678 ε
2174 3633 2330 3681 Etude
2350 3643 2442 3680 sur
2461 3630 2525 3678 les

498 3716 706 3781 damona,
736 3733 786 3779 p.
821 3722 904 3766 ¹35
927 3719 1088 3777 etseq.

558 3797 582 3832 ²
617 3801 768 3856 Poet.‚
801 3800 880 3847 Ν.

561 3877 586 3913 3
620 3880 750 3926 Illud
789 3892 963 3939 poema
996 3878 1162 3939 Pigres
1211 3879 1417 3937 quidam
1481 3879 1677 3928 videtur
1724 3879 2057 3938 composuisse
2075 3913 2088 3934 ,
2140 3877 2287 3924 trater
2346 3874 2524 3933 prioris

481 3959 788 4016 Artemisiae,
819 3960 990 4006 eodem
1035 3959 1136 4006 fere
1177 3958 1396 4019 tempore
1433 3965 1532 4018 q‘uo
1566 3959 1897 4018 Epicharmus
1936 3957 2299 4018 mythologiam
2330 3968 2519 4002 comoe-

497 4038 594 4088 diae
630 4039 906 4099 praetexuit.
938 4035 1835 4103 Vidi-Sumam·sstssfpneL‘PLunncn„
1865 4041 1930 4086 De
1958 4036 2164 4098 maliqn.
2203 4035 2402 4093 Herod„
2429 4035 2523 4081 sub

499 4121 616 4169 fine.

548 4197 584 4238 ‘⁴
625 4203 868 4258 Taueni„
895 4203 956 4259 11,
981 4205 1057 4250 52.
