3167 5125
1575 544 1859 600 ..8ss-

701 665 1052 735 bitationis
1104 667 1413 735 sollicitae
1441 668 1735 757 vestigia
1782 687 2063 737 necesse
2100 672 2230 748 est,
2275 668 2497 737 donec
2530 688 2745 758 supe-

700 780 894 840 rante
911 773 1176 841 ratione
1199 774 1584 863 etingeniO,
1613 773 2005 842 divinorum
2028 775 2351 862 cogitatio
2379 775 2464 841 ab
2486 782 2748 843 extera-

700 900 854 947 rum
868 899 1098 948 rerum
1123 880 1508 969 spectaculo
1542 879 1929 948 vindicetur
1958 888 2027 949 et
2051 881 2365 949 exsoluta
2383 882 2574 949 omni
2594 884 2747 951 vin-

701 984 880 1066 culo,
899 1007 1054 1073 quae
1085 985 1214 1053 sihi
1241 986 1521 1053 demum
1559 985 1844 1075 probata
1868 993 2031 1053 sunt
2052 996 2281 1076 aperte
2313 988 2741 1077 profiteatur.

701 1092 1018 1181 Resurgit
1051 1094 1312 1162 interea
1331 1100 1400 1160 et
1447 1113 1710 1161 novum
1758 1092 2000 1181 recipit
2036 1091 2247 1160 robur
2288 1092 2717 1160 Athenarum

699 1217 874 1287 pene
895 1203 1135 1267 eversa
1149 1205 1494 1289 potestas,
1557 1198 1735 1268 redit
1787 1197 2205 1267 confidentia
2243 1198 2476 1266 fractis
2505 1200 2650 1287 jam
2675 1204 2749 1268 et

697 1303 1222 1393 desperantibus
1274 1307 1528 1375 civium
1584 1306 1859 1385 animiS,
1900 1305 2021 1373 sed
2081 1306 2175 1372 ita
2218 1313 2294 1372 ut
2343 1305 2744 1374 divinorum

699 1431 884 1491 cura,
906 1412 991 1479 ad
1017 1414 1489 1500 quamreversi
1515 1417 1733 1492 erant,
1764 1432 2002 1479 rursus
2033 1416 2493 1480 removeatur.
2532 1415 2742 1503 Cujus

703 1524 1054 1587 Ranarum
1080 1519 1419 1589 comoedia
1430 1521 1558 1587 erit
1577 1517 1935 1598 indicium,
1963 1519 2402 1587 irreverentia
2427 1520 2637 1586 simul
2659 1526 2731 1588 et

700 1626 1032 1716 religione
1059 1627 1416 1715 permixta.
1443 1627 1520 1692 In
1551 1645 1682 1715 qua
1713 1624 2406 1693 animadvertendum
2428 1626 2581 1706 erit,
2614 1628 2746 1693 Eu-

701 1732 993 1821 ripidem
1022 1734 1216 1822 cujus
1245 1752 1609 1801 censuram
1652 1732 1911 1821 praebet
1961 1752 2171 1819 quam
2209 1732 2737 1821 amplissimam.

703 1839 880 1907 serio
929 1846 1206 1928 propter
1250 1839 1380 1906 alia
1436 1841 1599 1907 vitia
1644 1838 2135 1928 tragoediarum
2182 1840 2326 1907 sive
2382 1859 2541 1907 vera
2599 1841 2745 1909 sive

699 1945 871 2013 falsa
907 1965 1060 2014 esse
1080 1953 1424 2027 vexatum,
1463 1948 1574 2015 vix
1614 1954 1844 2014 tamen
1882 1945 2253 2033 impietatis
2292 1966 2496 2014 causa
2534 1952 2603 2015 et
2624 1949 2735 2037 jo-

700 2071 881 2130 cose,
937 2053 1054 2140 qui
1119 2053 1387 2120 crimini
1443 2058 1672 2120 tamen
1727 2071 1966 2119 ansam
2018 2052 2465 2141 multiplicem
2523 2052 2772 2134 daret„

706 2159 914 2248 carpi.
961 2159 1101 2225 Etsi
1139 2159 1379 2226 Bacchi
1427 2158 1556 2226 sub
1589 2178 1883 2247 persona
1925 2158 2220 2248 populus
2275 2159 2737 2239 AtheniensiS,

704 2285 846 2333 non
879 2264 1051 2333 deus
1083 2265 1230 2353 ipse
1266 2264 1644 2344 deridetur,
1698 2285 1930 2334 nonne
1964 2267 2195 2354 magni
2248 2266 2584 2333 momenti
2637 2272 2743 2334 est

703 2372 790 2439 ad
837 2372 1265 2461 propositum
1317 2371 1794 2462 Aristophanis
1858 2371 2372 2452 illustrandum,
2417 2372 2605 2461 quod
2631 2372 2741 2440 dei

701 2478 888 2546 illius
915 2479 1140 2569 specie
1179 2499 1347 2545 usus
1385 2478 1616 2558 fuerit,
1654 2479 2016 2547 Herculem
2076 2478 2593 2568 inferorumque
2624 2500 2742 2547 ve-

707 2585 1086 2655 nerandam
1118 2586 1516 2674 religionem
1549 2591 1651 2653 tot
1691 2586 2016 2654 conviciis
2049 2592 2253 2674 atque
2281 2586 2544 2654 facetiis
2569 2587 2742 2653 infa-

703 2692 1014 2770 maverit,
1054 2712 1270 2779 quum
1302 2712 1442 2758 non
1475 2691 1647 2759 adeo
1686 2691 1959 2760 difficile
1986 2691 2257 2759 videtur
2301 2693 2586 2781 Trygaeo
2646 2695 2745 2760 al-

702 2799 828 2866 teri
868 2803 936 2864 et
966 2799 1094 2866 iter
1123 2797 1208 2863 ad
1241 2796 1550 2864 Plutonis
1620 2795 1805 2864 aedes
1861 2797 2254 2866 faciendum
2295 2806 2363 2866 et
2402 2799 2740 2888 judicium

703 2904 793 2973 de
831 2904 1104 2992 tragicis
1125 2903 1711 2993 pronuntiandum
1738 2905 2214 2972 committere?
2247 2909 2736 2986 Ecclesiazusae‚

705 3013 763 3080 si
803 3011 887 3080 ad
921 3010 1326 3100 religionem
1359 3015 1650 3098 spectas,
1689 3011 1864 3076 nihil
1892 3010 2034 3078 fere
2068 3030 2289 3098 neque
2315 3011 2402 3078 ad
2432 3013 2743 3102 impieta-

705 3118 791 3185 tis
820 3117 1080 3184 crimen
1110 3115 1665 3184 convincendum
1690 3135 1917 3204 neque
1950 3115 2036 3184 ad
2064 3117 2384 3206 pietatem
2422 3116 2741 3186 demons-

703 3223 1045 3303 trandam,
1104 3223 1566 3312 suppeditant,
1615 3223 1744 3290 nisi
1794 3224 1979 3311 quod
2042 3223 2229 3292 velut
2291 3225 2362 3289 in
2420 3226 2736 3306 transim,

702 3352 858 3398 cum
892 3330 1133 3398 acerba
1169 3329 1460 3418 quadam
1526 3331 1993 3410 irreverentia,
2030 3329 2117 3398 de
2159 3351 2509 3399 sacrorum
2540 3351 2745 3399 vena-

700 3438 891 3505 litate
939 3458 1191 3526 paucos
1223 3457 1464 3505 versus
1500 3457 1629 3504 nec
1653 3457 1772 3505 eos
1811 3438 2162 3526 proposito
2194 3439 2620 3506 necessarios
2644 3439 2742 3506 in-

702 3544 915 3612 seruit
953 3547 1001 3609 ¹.
1033 3543 1209 3621 Quid
1257 3563 1419 3610 vero
1483 3542 1570 3611 de
1619 3547 1806 3609 Pluti
1862 3545 2269 3631 procacitate
2319 3563 2527 3632 quam
2582 3546 2745 3612 ulti-

704 3669 887 3716 mam
914 3669 1039 3716 suo
1074 3649 1355 3717 nomine
1385 3649 1686 3716 fabulam
1715 3649 1782 3715 in
1820 3669 2023 3718 scena
2060 3651 2594 3740 Aristophanem
2629 3651 2745 3718 do-

701 3755 926 3824 cuisse
957 3760 1247 3834 constat,
1278 3737 1741 3844 judicandum'
1764 3757 1913 3834 erit,
1969 3756 2039 3821 in
2061 3777 2197 3844 quo
2220 3763 2421 3845 poeta
2440 3778 2581 3825 non
2600 3760 2746 3848 jam

702 3861 1120 3932 lineamenta
1140 3861 1511 3948 impietatis
1531 3859 1965 3942 adumbrare,
2002 3862 2150 3942 sed,
2177 3866 2255 3929 ut
2285 3862 2461 3929 infra
2477 3863 2611 3952 ipsi
2632 3863 2745 3933 de-

765 4118 785 4152 ¹
823 4116 1112 4178 Ecclesiam,
1159 4119 1267 4167 779.
1323 4120 1416 4173 Qui
1475 4133 1649 4167 versus
1701 4122 2009 4169 conveniunt
2067 4135 2180 4170 cum
2241 4125 2469 4171 Etmrm.
2518 4122 2745 4180 Philocte„

703 4197 914 4260 fra-qm„
945 4198 1053 4247 784.
