3167 5125
1660 500 1938 552 ...η-μ

789 643 1077 697 censura
1129 630 1424 694 vacaret:
1488 623 1742 710 Cuique
1797 639 1916 709 pro
1965 639 2089 687 suo
2146 618 2423 707 ingenio
2482 618 2663 685 inter
2720 622 2820 683 tot

795 736 1082 803 numina
1108 733 1353 801 licebat
1387 730 1729 799 delectum
1755 730 2014 805 facere;
2048 726 2189 793 voti
2221 740 2523 812 compos,
2571 723 2643 789 in
2669 721 2820 788 lau-

797 840 920 907 des
953 840 1211 909 effusus
1243 846 1447 927 atque
1476 837 1992 927 gratulationes,
2029 833 2402 919 benignam
2434 830 2543 897 dei
2588 833 2821 918 potes-

797 954 1008 1014 tatem
1050 943 1470 1026 extollend0‚
1527 941 2055 1012 commendabat
2082 938 2317 1007 amicis
2356 943 2425 1005 et
2472 936 2819 1025 populari-

794 1055 946 1122 buS.
989 1054 1111 1132 Qui
1161 1056 1398 1120 contra
1428 1050 1636 1121 donis
1676 1056 1744 1119 et
1774 1050 2091 1139 precibus
2120 1049 2370 1119 frustra
2408 1052 2820 1119 sollicitave-

792 1170 894 1230 rat
926 1161 1156 1240 deum,
1193 1160 1403 1226 iratus
1434 1164 1500 1226 et
1536 1156 1623 1226 de
1653 1157 1908 1225 damno
1942 1177 2259 1245 querens,
2306 1159 2642 1249 templum
2674 1178 2822 1225 mu-

797 1270 976 1338 tabat
1004 1275 1076 1335 ut
1105 1286 1487 1355 cauponam
1525 1270 1595 1333 et
1628 1286 1785 1333 cum
1818 1265 2140 1333 conviciis
2180 1265 2265 1331 ad
2299 1286 2559 1334 novum
2590 1272 2819 1355 patro·-

797 1398 961 1444 num
994 1374 1351 1463 migrabat.
1397 1374 1566 1440 Casu
1602 1378 1668 1439 et
1706 1370 1981 1439 fortuna
2010 1372 2507 1441 deserebantur
2536 1361 2670 1440 arae
2710 1378 2823 1439 aut

795 1484 1152 1552 fumabant
1191 1486 1241 1549 ¹.

881 1588 1077 1679 Apud
1115 1587 1386 1677 plebem
1421 1588 1490 1653 in
1541 1588 1804 1656 honore
1834 1593 2028 1654 erant
2065 1593 2223 1655 ante
2253 1590 2482 1655 omnia
2518 1594 2819 1656 externae

795 1696 1317 1787 superstitiones
1346 1700 1546 1783 atque
1573 1700 1882 1762 recentes
1912 1718 1927 1773 ;
1966 1714 2118 1781 quae
2159 1696 2488 1773 novitate,
2534 1700 2824 1772 secreto,

797 1804 1072 1872 insolito
1101 1803 1712 1891 cultusapparatu,
1753 1801 2106 1868 nocturnis
2136 1801 2545 1868 caerimoniis
2584 1800 2827 1867 allicie-

800 1909 964 1975 bant
1009 1906 1429 1973 adoratores,
1482 1908 1737 1975 Locum
1766 1907 1907 1975 fere
1952 1907 2222 1973 nullum
2252 1906 2466 1975 fuisse
2500 1907 2569 1973 in
2601 1906 2831 1974 ochlo-

801 2016 1005 2082 cratia
1035 2014 1147 2079 illa
1176 2012 1579 2081 Atheniensi
1610 2012 1909 2081 deorum·
1940 2020 2250 2081 veterum
2283 2035 2471 2103 purae
2507 2018 2577 2081 et
2622 2019 2826 2081 castae

811 2121 1120 2210 religioni
1146 2119 1326 2207 apud
1360 2139 1602 2187 omnes
1626 2126 1915 2187 constat.
1953 2122 2037 2187 At
2056 2132 2447 2209 χρησμολόγων
2473 2118 2694 2187 avidis
2721 2138 2835 2185 au-

807 2228 997 2294 ribus
1031 2246 1360 2314 responsa
1399 2226 1799 2314 excipiebat,
1841 2226 2136 2293 multum
2178 2227 2381 2293 dabat
2424 2226 2829 2314 sibyllarum

807 2334 1206 2421 Bacidisque
1251 2332 1540 2401 oraculis
1573 2353 1866 2419 quorum
1902 2353 2151 2421 anceps
2186 2333 2647 2422 ambiguaque
2684 2354 2837 2399 auc-

803 2442 1039 2509 toritas
1071 2460 1108 2506 a
1140 2439 1563 2528 demagogiS,
1610 2439 2087 2507 Themistoclis
2121 2440 2461 2528 exemplo,
2507 2441 2576 2507 in
2614 2440 2836 2508 civili-

805 2549 934 2616 bus
977 2548 1182 2616 rebus
1230 2546 1709 2615 advocabatur.
1768 2546 2021 2615 Eadem
2058 2569 2214 2615 cuin
2268 2546 2710 2617 festinatione
2752 2546 2835 2614 ad

796 2657 1252 2746 joculatorum
1302 2654 1753 2720 Asiaticorum
1786 2654 2201 2721 initiationes
2235 2662 2302 2723 et
2346 2654 2831 2723 mendicorum

806 2761 1239 2828 sacerdotum
1265 2759 1641 2846 praestigias
1661 2780 2031 2827 concursus
2048 2761 2276 2836 fiebat,
2307 2762 2421 2848 qui
2444 2763 2682 2828 anxias
2704 2762 2841 2850 pla-

805 2887 956 2935 care
983 2871 1253 2932 mentes
1283 2866 1440 2932 etin
1475 2867 1683 2932 vitam
1711 2865 2007 2933 futuram
2051 2868 2406 2935 beatorum
2440 2868 2837 2935 felicitatem

805 2992 1039 3062 parare
1089 2993 1164 3039 se
1218 2993 1417 3060 posse
1452 2972 1917 3060 gloriabantur
1951 2979 2001 3040 2.
2058 2974 2392 3062 Vigebant
2440 2981 2605 3043 tunc
2656 2990 2841 3066 ὀρφεο-

803 3094 1035 3148 relevrai
1089 3074 1465 3158 nominati,
1511 3081 1627 3166 qui
1686 3082 2170 3149 commentitiis
2229 3081 2479 3150 libellis
2537 3089 2607 3150 et
2664 3083 2841 3149 fictae

806 3185 1076 3275 pietatis
1125 3185 1360 3252 babitu
1405 3185 1671 3253 lucrum
1716 3186 2052 3255 faciebant
2078 3213 2095 3268 ;
2145 3189 2504 3268 Adonidis,
2571 3189 2829 3257 Sabazii

807 3295 1121 3379 Cottytus
1152 3299 1354 3380 atque
1395 3291 1664 3379 Cybelae
1717 3292 2039 3371 fautores,
2074 3311 2515 3384 πυθαγορίζοντες
2567 3314 2843 3384 quoque

807 3399 921 3485 qui
969 3399 1300 3486 sapientia
1346 3399 1643 3486 quadam
1676 3420 1713 3464 a
1760 3400 2330 3490 philosophorum
2367 3400 2678 3468 fontibus
2720 3401 2841 3468 de-

811 3511 984 3571 torta
1014 3505 1537 3593 superstitiones
1569 3505 2165 3574 commendabant.

899 3611 1156 3688 Quibus
1215 3611 1633 3678 novitatibus
1681 3613 1839 3699 quia
1902 3613 2089 3700 leges
2146 3634 2501 3702 nunquam
2567 3614 2846 3682 iverunt

811 3716 1109 3796 obviam,
1172 3716 1294 3783 sed
1348 3715 1635 3783 liberam
1686 3717 2069 3806 prodeundi
2110 3720 2620 3808 invadendique
2679 3719 2845 3788 civi-

873 3985 890 4018 ¹
933 3986 1004 4032 Cf.
1049 3987 1374 4034 Bri-numam.
1432 3986 1677 4032 Grandia
1722 3987 1811 4034 der
1852 3987 2038 4035 Grieclae.
2086 3988 2338 4044 Litterat„
2383 3991 2419 4036 1.
2454 3988 2562 4037 478.
2606 3991 2846 4042 Culmus,

814 4064 1005 4112 Griecle..
1038 4064 1221 4122 Gescle„
1249 4067 1330 4122 111,
1366 4069 1422 4113 56
1450 4071 1496 4113 el
1525 4080 1627 4125 seq.

871 4143 893 4179 2
929 4147 1000 4193 cf.
1029 4148 1198 4193 Pm‘r..
1239 4148 1372 4204 Rem,
1407 4149 1463 4203 ΙΙ,
1500 4148 1608 4194 364.
1642 4149 1878 4201 nmen„
1908 4149 2008 4197 Οεοὶ
2036 4149 2227 4204 ξενικοί.
