3167 5125
1551 466 1837 521 -38-

681 595 922 663 dorum
974 593 1246 661 irrisio:
1306 593 1376 658 in
1427 612 1581 680 quae
1642 612 1780 660 non
1836 591 2077 681 spiritu
2128 596 2396 659 tantum
2454 592 2714 660 comico

663 701 921 780 elatus,
977 698 1099 767 sed
1149 698 1463 767 civilibus
1515 697 1984 765 inflammatus
2034 697 2281 767 studiis
2337 704 2406 768 et
2443 719 2716 767 morum

679 806 1146 877 sollicitudine
1179 806 1495 874 invectus
1517 811 1648 873 est.

769 914 1084 982 Vidimus
1096 914 1238 1002 jam
1264 911 1793 979 Atheniensium
1821 898 2193 980 maximam
2219 918 2507 1002 partem,
2544 912 2719 980 sicut

685 1021 975 1091 oraculis
1029 1018 1370 1107 ambiguis
1429 1021 1497 1085 et
1542 1017 2143 1086 vaticinationibus
2192 1017 2585 1108 stupebant,
2630 1018 2720 1084 ita

687 1146 961 1216 quoque
995 1124 1076 1191 ad
1112 1123 1534 1191 initiationes
1579 1128 1648 1191 et
1693 1121 2072 1213 praestigias
2112 1122 2562 1189 Asiaticorum
2609 1142 2718 1189 sa-

687 1233 1044 1303 cerdotum
1093 1248 1522 1310 concursare,
1577 1231 1693 1319 qui
1740 1250 1815 1297 se
1856 1235 2125 1298 mentes
2177 1229 2443 1318 placare
2484 1250 2713 1319 posse,

687 1342 757 1409 in
785 1358 1088 1431 praesens
1118 1337 1348 1406 divina
1375 1355 1504 1426 ope
1525 1339 1768 1427 juvare
1794 1342 1863 1404 et
1892 1335 2264 1405 beatiorem
2297 1338 2506 1405 vitam
2536 1335 2717 1426 apud

687 1446 944 1514 inferos
986 1462 1346 1534 procurare
1383 1442 1876 1532 gloriabantur,
1921 1448 2126 1531 atque
2173 1463 2499 1535 magnum
2556 1429 2721 1513 inde

687 1546 1210 1643 quaestum‘sihi
1265 1548 1642 1629 faciebant;
1695 1550 1812 1637 qui
1867 1548 2224 1633 Adonidis,
2270 1552 2552 1632 Sabazii,
2588 1554 2717 1639 Cy-

688 1660 900 1737 heleS‚
939 1660 1252 1745 Cottytus
1292 1656 1613 1736 ministri,
1651 1655 1940 1725 diversis
1974 1657 2373 1725 nominibus
2403 1678 2612 1725 unam
2652 1664 2723 1727 et

688 1788 838 1836 cam
871 1762 1476 1854 flagitiosissimam
1526 1763 1929 1853 religionem
1962 1766 2282 1834 novitatis
2312 1769 2619 1835 curiosos
2652 1771 2720 1835 et

695 1977 1188 2068 superstitioni,
1240 1975 1739 2064 magistratus¹
1794 1978 2091 2065 primum
2146 1978 2500 2069 imponere
2529 1981 2721 2049 frena

693 2086 1083 2165 voluerunt,
1118 2083 1370 2172 quippe
1407 2104 1561 2171 quae
1592 2104 1733 2151 non
1764 2083 2059 2173 antiquae
2098 2085 2307 2154 modo
2338 2086 2501 2155 fidei
2533 2087 2721 2155 adul-

695 2201 945 2265 teraret
989 2193 1476 2283 integritatem,
1522 2190 1645 2259 sed
1694 2196 1948 2258 statum
1993 2192 2295 2261 turbaret
2333 2194 2623 2263 civitatis
2654 2202 2722 2263 et

691 2302 894 2370 bonis
943 2300 1252 2367 moribus
1297 2305 1481 2367 esset
1532 2298 1780 2365 infesta
1815 2302 1866 2363 2.
1926 2298 2049 2367 Sed
2085 2299 2359 2381 frustra,
2392 2301 2721 2391 gliscebat

693 2414 1085 2479 exterorum
1132 2405 1443 2474 cultuum
1493 2405 1686 2472 favor
1715 2424 1797 2472 eo
1828 2405 2048 2473 acrius
2078 2428 2213 2494 quo
2254 2408 2498 2476 tradita
2530 2429 2569 2476 a
2611 2431 2720 2498 pa-

691 2516 910 2584 tribus
947 2514 1194 2605 placita
1221 2514 1440 2602 magis
1473 2511 2006 2601 degenerabant.

782 2623 1032 2691 Comici
1066 2627 1308 2711 poetae,
1341 2620 1705 2688 vetustatis
1744 2619 2053 2708 plerique
2094 2622 2396 2692 fautores
2444 2630 2513 2692 et
2559 2627 2721 2694 artis

693 2751 836 2798 suae
861 2727 1372 2796 conditionibus
1393 2726 1476 2793 ad
1505 2726 1807 2794 notanda
1838 2727 2121 2796 ridicula
2146 2731 2399 2811 omnia,
2424 2732 2570 2800 sive
2595 2753 2719 2821 pu-

692 2838 869 2904 blica
890 2838 1038 2905 sive
1059 2837 1342 2925 privata,
1367 2834 1591 2924 proni,
1620 2854 1759 2900 non
1778 2840 2153 2923 potuerunt
2174 2838 2340 2925 quin
2368 2840 2718 2927 copiosum

692 2946 889 3013 illum
921 2949 1307 3012 exterarum
1341 2941 1912 3031 superstitionum
1955 2942 2218 3011 fontem
2249 2945 2716 3036 negligerent,

693 3053 1022 3120 unanimo
1053 3071 1394 3119 consensu
1436 3048 1759 3116 videntur
1786 3050 2203 3138 conjurasse,
2248 3057 2326 3119 ut
2362 3054 2722 3142 magistra-

693 3159 878 3228 tibus
905 3160 973 3226 in
1007 3157 1333 3226 sanandis
1368 3157 1720 3225 mentibus
1758 3162 1828 3224 et
1862 3159 2364 3246 compescendo
2391 3168 2726 3251 corruptae
2760 3193 2765 3198 ·

694 3266 966 3356 pietatis
1003 3265 1269 3345 ardore,
1311 3263 1553 3332 darent
1592 3282 1893 3353 operam.
1921 3265 2067 3331 Jam
2096 3285 2279 3335 anno
2307 3267 2434 3334 443
2466 3288 2526 3335 a.
2565 3269 2720 3336 Chr.

693 3373 1002 3442 Cratinus
1037 3377 1338 3439 Thressas
1377 3371 1702 3439 docuerat
1736 3375 1788 3451 3,
1823 3392 1977 3458 quae
2014 3373 2375 3453 comoedia,
2400 3393 2654 3442 nomen
2688 3394 2724 3440 a

695 3481 904 3548 choro
932 3480 1236 3558 trahenS,
1275 3499 1312 3546 e
1355 3477 1829 3546 sacerdotibus
1859 3478 2183 3547 Bendidis
2214 3479 2361 3548 deae
2401 3481 2721 3560 conflatO,

695 3587 1020 3655 Periclem
1035 3587 1261 3675 ipsum
1281 3583 1672 3664 inducebat,
1687 3585 1721 3650 J
1725 3585 1873 3652 ovis
1891 3583 2231 3651 terrestris
2250 3580 2727 3661 habitu,Athe-

697 3713 820 3761 nas
853 3695 1120 3761 Asiatici
1154 3693 1337 3759 illius
1365 3691 1671 3757 numinis
1704 3691 1965 3758 cultum
1995 3690 2418 3758 afferentem.
2450 3689 2729 3778 Eupolis

760 3966 777 4000 ¹
815 3968 872 4014 V.
906 3968 1120 4023 Leimon,
1150 3965 1402 4029 Aylaoph„
1432 3969 1668 4014 627-670.

759 4043 784 4079 ²
816 4046 1048 4103 strabon,
1075 4049 1136 4104 X,
1164 4047 1249 4094 471
1279 4049 1333 4095 Ε.

762 4125 786 4162 ⁸
817 4129 1061 4185 Manu,
1089 4128 1214 4177 Ηίσε.
1243 4126 1403 4179 critic.
1429 4139 1564 4189 com„
1601 4141 1650 4190 p.
1688 4129 1793 4177 125.
1826 4127 1900 4174 Cf.
1930 4128 2121 4184 mun,
2148 4127 2397 4191 Aristoph.
2429 4128 2539 4184 vit„
2571 4127 2663 4190 ξε).
