3167 5125
1300 545 1469 602 ...Ἣ
1516 577 1584 588 ..-

422 673 584 738 runt
622 672 667 736 ¹.
704 669 805 737 Ita
829 668 1158 738 Hercules
1187 669 1301 737 ille
1333 669 1697 740 Eleusiniis
1728 671 2034 742 initiatus
2085 678 2154 743 et
2185 673 2458 744 Tartara

424 779 761 857 invisenS,
816 777 1061 866 prioris
1102 783 1449 846 stauarum
1498 779 1711 868 partis
1759 781 2122 848 consilium
2177 783 2454 852 univer·
2557 805 2580 820 ·

424 907 580 954 sum
632 885 1194 974 praecipuumque
1234 885 1442 952 simul
1500 891 2021 968 ornamentum,
2071 893 2454 976 mystarum

426 991 682 1060 scilicet
723 991 1036 1071 chorum,
1074 991 1348 1060 videtur
1386 994 1839 1084 suggessisse.

512 1099 887 1169 Videamus
920 1106 1151 1168 tamen
1182 1105 1523 1188 quatenus
1552 1100 2054 1172 Eleusiniorum
2093 1104 2458 1191 mysterio-

425 1229 580 1276 rum
607 1207 1040 1275 sanctitatem
1072 1213 1272 1296 poeta
1322 1210 1511 1298 operi
1566 1229 1691 1278 suo
1723 1209 2078 1299 aptaverit,
2117 1215 2193 1277 ut
2223 1215 2291 1305 et
2327 1208 2457 1278 im-

425 1317 701 1404 pietatis
760 1315 1093 1404 effugeret
1168 1315 1630 1404 suspicionem
1677 1322 1745 1384 et
1805 1317 1968 1384 satis
2021 1317 2451 1408 perspicuam

425 1442 689 1490 arcanae
720 1423 904 1490 illius
932 1421 1284 1511 religionis
1316 1423 1614 1511 speciem
1657 1422 1911 1492 ederet.
2224 1507 2230 1512 ¹

516 1531 865 1598 Eleusinia
922 1547 1169 1618 magna
1238 1531 1605 1618 quotannis
1659 1530 2165 1600 Boedromionis
2219 1551 2458 1602 mense

425 1637 715 1706 Athenis
734 1636 1203 1705 celebrabatur
1234 1643 1286 1718 2,
1306 1637 1670 1726 splendido
1685 1646 2011 1730 apparatu
2027 1644 2095 1708 et
2113 1639 2452 1707 immenso

427 1767 508 1814 ex
536 1751 679 1812 tota
708 1746 960 1814 Graecia
992 1766 1353 1825 concursu,
1396 1765 1534 1812 non
1565 1745 1989 1814 initiatorum
2015 1752 2282 1813 tantum
2305 1747 2452 1834 qui-

428 1853 559 1920 bus
600 1852 838 1940 templi
869 1851 1143 1939 patebat
1182 1851 1432 1931 aditus,
1478 1851 1599 1918 sed
1637 1852 1824 1940 vulgi
1869 1873 2144 1941 quoque
2192 1853 2454 1941 profani

428 1959 614 2048 quod
680 1959 1227 2027 caerimoniarum
1298 1959 1725 2047 publicarum
1795 1959 2212 2048 spectaculo,
2267 1959 2455 2026 ludis

426 2071 494 2133 et
555 2066 997 2146 mercatione,
1063 2071 1141 2132 ut
1200 2087 1384 2132 nunc
1442 2086 1716 2154 quoque
1775 2086 1926 2133 mos
1999 2073 2126 2147 est,
2181 2072 2455 2156 tempus

424 2174 679 2242 festum
712 2171 1021 2239 terebant
1054 2176 1105 2238 3.
1142 2174 1238 2239 Nc
1261 2171 1346 2240 de
1376 2179 1758 2260 mystarum
1797 2189 2036 2264 ἀγύρμῳ,
2067 2173 2137 2240 id
2169 2179 2272 2242 est
2298 2194 2454 2241 eon-

427 2280 782 2348 vocatione
816 2279 1130 2359 solemni,
1168 2278 1254 2347 de
1294 2281 1626 2368 praeconis
1665 2281 2198 2369 proclamatione
2255 2289 2447 2370 (πρόρ-

430 2395 607 2477 ῥησις)
651 2405 785 2474 qua
815 2387 1008 2474 impii
1041 2393 1110 2454 et
1140 2387 1447 2455 scelerati
1478 2407 1514 2452 a
1563 2387 1770 2454 sacris
1810 2387 2446 2465 summovebantur,

431 2494 516 2562 de
559 2492 1031 2583 purificatione
1068 2498 1447 2582 mystarum
1480 2503 1670 2580 (ἅλαδε
1696 2503 1949 2582 μύσται),
1989 2493 2074 2561 de
2105 2493 2452 2561 sacrificiis

434 2602 502 2669 in
532 2602 819 2670 deorum
850 2600 1275 2689 heroumque
1302 2600 1685 2689 indigetum
1711 2603 2044 2669 honorem
2068 2599 2455 2667 constitutis

435 2717 559 2797 (θύα
599 2715 666 2775 et
692 2717 989 2798 ετιδαύρια)
1027 2729 1178 2796 quae
1210 2728 1396 2775 sacra
1434 2728 1554 2798 per
1584 2707 1884 2795 quinque
1925 2706 2070 2774 dies
2121 2703 2452 2773 solemnia

429 2818 575 2905 ipsa
616 2835 859 2883 arcana
884 2814 1410 2904 auspicabantur
1442 2816 1494 2895 4,
1532 2815 1752 2882 fusius
1805 2813 2068 2901 loquar,
2129 2811 2452 2880 vicesimo

431 2921 933 2990 Boadromionis
966 2921 1101 3001 die,
1133 2922 1311 2989 inter
1362 2922 1509 3011 pios
1557 2928 1820 3001 cantUS,
1858 2920 2275 2998 saltationes„
2329 2938 2450 2985 va-

432 3032 707 3119 riosque
756 3049 1113 3099 sermones
1187 3030 1349 3097 satis
1417 3031 1703 3117 longum
1778 3028 1904 3095 iter
1951 3026 2034 3093 ad
2089 3026 2450 3094 celeberri-

494 3256 513 3289 1
560 3256 645 3303 Vit.
680 3254 949 3313 Aristoph„
982 3256 1061 3311 IV,
1092 3256 1225 3313 apud
1252 3256 1440 3310 RANKE,
1472 3266 1550 3311 op.
1580 3254 1684 3307 cit„
1712 3254 1748 3307 Ι,
1776 3255 1793 3299 1
1824 3254 1870 3298 ct
1899 3254 1946 3297 11
1979 3250 2059 3309 (cf.
2088 3249 2286 3306 Aryum.
2309 3243 2455 3306 ἰωὰ),

433 3338 478 3383 et
501 3337 587 3383 ΤΗ.
622 3337 777 3390 Kocn,
807 3335 1005 3382 Introd.
1034 3334 1101 3381 ad
1128 3336 1270 3390 Han„
1305 3337 1375 3381 18.

493 3416 517 3449 2
549 3420 850 3471 Phormion„
880 3414 1035 3469 Alex„
1072 3418 1156 3470 313
1192 3419 1347 3470 Cam,
1384 3418 1457 3461 19.

496 3495 518 3529 3
551 3498 834 3551 ΡΗΙιοεΤΒ.,
878 3496 965 3542 Vir.
999 3492 1241 3553 Apollon.‚
1271 3497 1303 3555 Ι,
1340 3497 1410 3541 18.
1449 3495 1569 3557 Περὶ
1608 3492 1883 3556 μυστηρίων
1911 3492 2060 3555 ὥραν,
2097 3489 2177 3537 ὅτε
2209 3486 2458 3545 Ἀθηναῖοι

432 3576 944 3640 πολυανθρωπότατοι.
982 3577 1155 3623 Servos
1192 3587 1389 3633 quoquc
1420 3574 1553 3621 feriis
1584 3572 1798 3631 publicis
1826 3572 2109 3618 interfuisse
2147 3582 2206 3615 ex
2242 3567 2459 3625 inscrip-

435 3658 567 3704 tione
613 3661 774 3705 vetere
822 3661 1040 3717 apparot.
1088 3659 1231 3714 Corp.
1280 3656 1462 3711 Inscr„
1513 3661 1569 3700 n⁰
1617 3655 1693 3721 7¹:
1736 3653 1808 3701 Cf.
1854 3652 2225 3699 celeberrimum
2267 3650 2457 3695 Hauon.

436 3739 620 3795 locum,
642 3739 765 3794 VIII,
789 3740 847 3784 65
878 3754 889 3784 :
922 3736 1251 3801 Κονιορτὸν...
1274 3738 1337 3791 ὡς
1368 3736 1552 3799 ἀνδρῶν
1587 3732 1797 3796 μάλιστά
1820 3750 1883 3797 κῃ
1912 3732 2225 3797 τρισμυρίων.
2248 3732 2458 3783 Annon„

438 3821 501 3865 De
524 3824 684 3879 myst„
716 3822 739 3864 5
772 3834 781 3863 ι
816 3818 941 3872 Τοὺς
964 3817 1135 3871 ἄλλους
1165 3814 1417 3875 Ἕλληνας,
1440 3817 1487 3863 οἱ
1516 3814 1660 3862 ἕνεκα
1687 3814 1861 3871 ταύτης
1883 3820 1966 3871 τῆς
1994 3814 2160 3875 ἑορτῆς
2187 3812 2218 3868 ἣ
2245 3810 2373 3858 θύειν
2395 3809 2464 3863 εἰς

438 3899 615 3955 ταύτην
644 3900 731 3956 τήν
762 3898 1029 3961 πανήγυριν
1056 3896 1345 3960 βουλόμενοι
1374 3896 1404 3953 ἢ
1434 3896 1653 3957 θεωρεῖν.

498 3977 523 4011 ⁴
544 3982 784 4035 Hnsx'cu„
816 3992 867 4025 y.
904 3976 1133 4041 ἀγυρμός.
1174 3966 1253 4023 cf.'
1284 3978 1505 4032 Leimon,
1545 3974 1802 4035 Aylaoph„
1843 3978 1951 4022 831.
1986 3975 2180 4021 Senon..
2212 3968 2462 4029 Aristoph.

437 4059 588 4117 Plut„
618 4059 726 4106 431.
759 4061 996 4115 Hesi-cn„
1028 4071 1079 4103 v.
1107 4056 1272 4107 ἀλάδε.
1303 4060 1607 4112 munuca,
1641 4055 1804 4111 Phoc„
1837 4058 1882 4102 6.
1910 4057 1975 4101 De
1997 4052 2160 4113 ylaria
2192 4050 2386 4106 Athen„
2417 4052 2461 4117 7.

434 4144 719 4194 Pmmsrn„
757 4140 843 4185 Viz.
868 4134 1110 4197 Apollon„
1143 4138 1221 4191 IV,
1254 4140 1308 4183 17
1334 4141 1382 4185 et
1410 4150 1511 4200 seq.
1538 4136 1690 4196 Cujus
1715 4134 2163 4195 interpretationem
2193 4130 2296 4177 vid.
2329 4129 2464 4192 apud

434 4224 674 4281 Faunum,
708 4216 1003 4281 Realencyc„
1032 4219 1111 4275 111,
1144 4221 1219 4267 96.
