3167 5125
1567 1134 2063 1210 ERRATA.

804 1720 946 1788 Pag.
981 1715 1071 1782 10,
1101 1713 1204 1768 lin.
1238 1712 1308 1766 18
1338 1727 1351 1765 ε
1383 1725 1485 1780 per
1512 1706 1746 1762 callidos
1768 1719 1870 1775 pro
1899 1700 2255 1774 percallidos.

812 1829 947 1896 Pag.
976 1824 1069 1888 26,
1098 1822 1201 1877 lin.
1235 1820 1305 1876 22
1333 1835 1346 1874 ε
1380 1815 1495 1889 qnia
1520 1814 1818 1870 severitate
1843 1826 1944 1882 pro
1975 1826 2089 1881 quo
2114 1806 2429 1862 severitate.

813 1933 945 2002 Pag.
976 1931 1067 1995 41,
1102 1927 1202 1983 lin.
1238 1928 1271 1981 3
1301 1942 1313 1980 :
1348 1923 1606 1980 Xanthiae
1632 1917 2000 1990 compellanti
2021 1932 2121 1986 pro
2151 1913 2438 1970 XanthiaS.

814 2042 949 2108 Pag.
966 2037 1073 2103 ¹46,
1102 2035 1204 2089 lin.
1238 2034 1299 2088 21
1329 2050 1343 2087 t
1378 2030 1822 2086 deridendorum
1851 2027 2090 2080 deorum
2113 2038 2214 2093 pro
2242 2020 2590 2076 deridendae.

817 2148 951 2214 Pag.
984 2144 1076 2210 59,
1109 2143 1215 2197 lin.
1246 2141 1352 2196 25:
1379 2139 1612 2193 leonina
1637 2136 1786 2208 pelle
1809 2134 2045 2189 indutus
2063 2147 2162 2202 pro
2183 2129 2414 2183 leonina
2437 2127 2604 2199 pelle.
2699 2137 2704 2142 ·

818 2253 951 2320 Pag.
982 2249 1075 2316 60,
1104 2249 1208 2304 lin.
1242 2248 1349 2302 15:
1384 2263 1520 2316 erga
1562 2244 1846 2300 Bacchum
1889 2257 2083 2294 sensus
2118 2238 2346 2294 futurus
2375 2235 2549 2290 fuerit
2577 2248 2680 2304 pro
2713 2249 2851 2302 erga

963 2355 1245 2412 Bacchfim
1274 2354 1467 2408 fuerin
1784 2336 1796 2347 ⁶

821 2469 954 2534 Pag.
986 2464 1077 2530 60,
1110 2461 1193 2516 lin
1242 2463 1313 2517 29
1347 2479 1359 2516 :
1394 2460 1615 2531 Ingenii
1643 2457 1947 2512 auctoritas
1967 2471 2069 2525 pro
2101 2451 2454 2508 auctoritate.

821 2577 954 2643 Pag.
988 2574 1077 2639 64,
1112 2590 1169 2625 n.
1200 2573 1254 2639 3,
1283 2571 1385 2625 lin.
1417 2572 1452 2623 2
1478 2590 1489 2622 ε
1524 2571 1752 2623 vexatas
1776 2568 2160 2637 pr0·venata5.

822 2685 955 2751 Pag.
985 2682 1077 2741 65,
1110 2680 1213 2733 lin.
1246 2679 1346 2733 2-:3
1372 2695 1384 2732 :
1418 2678 1679 2739 imitatus
1703 2691 1806 2745 pro
1829 2674 2102 2729 imitatas,

822 2790 959 2856 Pag.
990 2789 1081 2852 71,
1114 2786 1215 2838 lin.
1248 2786 1317 2837 10
1343 2801 1355 2838 :
1391 2784 1826 2837 celebrabantur
1848 2796 1951 2851 pro
1979 2780 2389 2835 celebrabatur.

698 2970 705 2977 ·
824 2895 957 2962 Pag.
992 2892 1081 2959 83,
1114 2908 1172 2943 n.
1198 2892 1253 2959 ⁴2,
1283 2890 1385 2943 lin.
1418 2892 1443 2943 1
1477 2910 1489 2943 ε
1524 2888 1763 2957 Euthyd.
1795 2904 1900 2959 pro
1925 2887 2136 2955 Euhyd.

827 3002 961 3071 Pag.
992 3000 1085 3067 86,
1117 2997 1219 3053 lin.
1251 3000 1356 3053 14:
1393 2998 1485 3051 cui
1510 2993 1742 3051 crimini
1766 3010 1868 3066 pro
1900 2995 2021 3066 qui.

826 3110 960 3179 Pag.
990 3108 1081 3175 95,
1111 3124 1171 3163 n.
1199 3108 1255 3175 2,
1286 3106 1388 3159 lin.
1424 3105 1493 3159 8:
1523 3107 1604 3160 Du
1636 3104 1816 3159 Mmut
1843 3118 1946 3173 pro
1974 3104 2055 3157 Du
2089 3103 2256 3158 Mum.

828 3218 961 3286 Pag.
996 3214 1123 3280 103,
1156 3214 1257 3267 lin.
1286 3214 1321 3266 2
1348 3228 1361 3265 ε
1396 3227 1525 3283 quae
1554 3226 1720 3265 coena
1745 3224 1846 3279 pro
1871 3226 2000 3280 quae
2029 3224 2206 3263 caena.
2285 3240 2289 3245 .

829 3324 962 3392 Pag.
996 3321 1122 3387 107,
1155 3318 1257 3373 lin.
1288 3320 1355 3371 27
1380 3335 1391 3371 :
1425 3318 1485 3372 in
1513 3317 1819 3371 discrimen
1840 3332 1944 3387 pro
1969 3316 2030 3371 in
2061 3315 2450 3373 discriminen.

831 3431 963 3498 Pag.
998 3428 1123 3495 109,
1155 3427 1257 3482 lin.
1288 3426 1357 3481 28
1388 3446 1399 3480 :
1434 3428 1624 3497 posset
1650 3428 1906 3480 metuere
1933 3440 2032 3495 pro
2061 3426 2252 3497 potuit
2277 3428 2553 3481 metuere.

830 3535 963 3603 Pag.
1000 3532 1119 3600 120,
1152 3532 1253 3586 lin.
1289 3534 1349 3587 11
1381 3550 1394 3587 :
1430 3532 1666 3603 petitam
1693 3545 1793 3602 pro
1823 3530 2089 3601 petitum.

832 3642 963 3709 Pag.
996 3640 1120 3706 122,
1154 3639 1253 3721 lin.
1284 3640 1353 3693 26
1388 3659 1401 3691 ε
1434 3654 1625 3692 nonne
1659 3636 1924 3691 metuisse
1951 3652 2050 3705 pro
2081 3638 2368 3691 metuisse.

1644 3888 2056 3897 ——-——-·-
