3167 5125
1638 462 1920 517 ...16-

855 588 1086 658 Varias
1115 589 1465 678 religionis
1489 596 1609 657 aut
1655 589 2025 677 impietatis
2062 609 2217 676 quae
2265 594 2412 656 tum
2462 588 2787 678 vigebant

763 697 1019 765 formas
1047 695 1229 785 apud
1255 695 1555 764 illustres
1586 697 1655 763 in
1691 695 1963 763 diverso
1996 715 2249 784 genere
2288 695 2473 763 viros
2522 696 2787 764 Aristo·-

764 804 1009 894 phanis
1047 803 1471 892 temporibus
1510 804 1621 873 vel
1677 803 1877 892 paulo
1928 810 2087 871 ante
2143 822 2505 891 expressas
2549 802 2784 872 videre

763 917 892 979 est.
929 911 1232 978 Occurrit
1260 911 1330 976 in
1359 911 1599 999 primis
1650 910 2085 999 simplicioris
2114 908 2273 978 fidei
2312 912 2517 999 atque
2568 910 2787 979 anxiae

761 1018 1030 1107 pietatis
1057 1016 1552 1085 documentum
1580 1017 1827 1098 Nicias,
1858 1018 1977 1106 qui
2004 1028 2416 1107 δεισιδαιμονίαν
2448 1037 2673 1105 usque
2696 1015 2783 1084 ad

761 1126 1141 1206 stultitiam,
1179 1145 1431 1215 magno
1465 1124 1757 1193 civitatis
1789 1124 2227 1205 detrimento,
2270 1124 2343 1192 in
2382 1124 2605 1192 Sicilia
2632 1143 2785 1212 pro-

762 1233 943 1303 vexit
980 1236 1043 1313 ¹;
1133 1234 1249 1320 qui
1326 1253 1467 1300 non
1542 1231 1770 1300 solum
1856 1231 2277 1319 quotidianis
2342 1232 2552 1299 sacris
2617 1231 2785 1299 deos

758 1340 1049 1429 gentiles
1085 1338 1375 1419 colebat,
1430 1339 1551 1407 sed
1604 1340 1907 1429 privatus
1954 1352 2333 1429 χρησμολόγον
2380 1340 2783 1407 auctoritate

761 1446 1100 1525 utebatur,
1129 1448 1323 1536 cujus
1354 1448 1505 1515 sine
1535 1452 1709 1514 nutu
1731 1451 1935 1534 atque
1968 1446 2246 1514 arbitrio
2278 1446 2449 1514 nulli
2481 1466 2784 1535 unquam

760 1554 954 1622 seriae
981 1555 1076 1620 rei
1107 1552 1300 1621 dedit
1335 1573 1638 1642 operam.
1672 1554 1881 1642 Major
1902 1561 2007 1622 est
2040 1574 2368 1623 numerus
2398 1574 2639 1622 eorum
2667 1556 2781 1643 qui

758 1662 1128 1750 impietatis
1159 1667 1388 1749 partes
1418 1660 1715 1749 amplexi
1779 1667 1997 1740 erant,
2061 1664 2500 1751 Anaxagoras
2551 1664 2781 1730 Prota-

758 1779 1117 1858 g'orasque,
1180 1789 1477 1855 quorum
1533 1788 1572 1835 a
1635 1767 2011 1856 disciplinis
2050 1768 2385 1836 Socratica
2449 1769 2783 1857 sapientia

758 1875 1112 1964 processit,
1204 1873 1474 1962 publice
1548 1872 1910 1955 docebant,
1968 1874 2139 1943 alter
2194 1882 2461 1943 veteres
2518 1875 2606 1944 de
2652 1875 2783 1942 diis

757 1982 1024 2051 fabulas
1049 1998 1100 2051 εν
1127 1995 1422 2066 ὑπονοίαις,
1456 1981 1525 2048 id
1558 1987 1663 2049 est
1681 1982 2043 2071 allegorice
2073 2002 2223 2050 esse
2253 1981 2690 2071 explicandas
2725 1987 2776 2062 2,

758 2092 929 2158 alter
972 2090 1058 2158 de
1112 2090 1242 2158 diis
1306 2090 1591 2157 omnino
1646 2089 1821 2157 nihil
1878 2090 2039 2157 certi
2110 2109 2315 2178 posse
2370 2088 2688 2157 affirmari
2726 2092 2777 2155 3.

759 2197 966 2265 Paulo
1014 2203 1170 2286 post
1225 2196 1547 2285 Diagoras
1599 2196 1840 2263 Melius
1891 2216 2032 2264 non
2073 2197 2215 2284 jam
2268 2197 2337 2263 in
2388 2196 2779 2266 scholarum

760 2303 1178 2372 umbraculis
1208 2310 1275 2371 et
1313 2303 1647 2371 abstrusae
1676 2304 2029 2392 sapientiae
2061 2304 2365 2385 nomine,
2392 2304 2514 2373 sed
2555 2324 2781 2373 coram

759 2418 825 2478 et
865 2411 1083 2499 palam
1120 2430 1277 2477 cum
1317 2411 1412 2477 ira
1464 2416 1531 2478 et
1582 2410 1907 2477 conviciis
1966 2416 2277 2478 naturam
2320 2408 2609 2479 deorum
2640 2432 2783 2478 sus-

759 2517 939 2597 tulit,
989 2524 1055 2586 et
1083 2516 1416 2586 adversus
1448 2517 1765 2586 Eleusina
1812 2517 2407 2606 Samothraciaque
2455 2518 2783 2606 mysteria

758 2627 1068 2714 populari
1132 2627 1500 2714 lyricorum
1547 2627 1931 2694 carminum
1979 2629 2380 2695 auctoritate
2424 2633 2773 2716 grassatus

758 2739 861 2798 est
897 2733 948 2798 4.
993 2734 1300 2801 Socrates
1361 2753 1563 2822 supra
1600 2719 2035 2821 'impietatem
2084 2734 2781 2823 superstitionemque

757 2839 963 2906 simul
1011 2845 1310 2923 evectum,
1346 2839 1432 2906 ad
1464 2840 1869 2908 rationalem
1926 2840 2327 2930 religionem
2380 2841 2779 2910 intendebat

757 2948 1092 3026 animum,
1147 2952 1215 3014 et
1274 2947 1665 3030 divinorum
1740 2949 2205 3037 cognitionem
2259 2969 2297 3015 a
2344 2947 2781 3037 philosophia

755 3053 1138 3142 expetebat.
1223 3055 1552 3132 Quicum
1614 3054 1967 3143 discipulis
2027 3077 2165 3122 non
2232 3056 2483 3144 impius
2550 3056 2781 3123 minus

754 3181 959 3249 quam
987 3161 1102 3248 qui
1130 3160 1298 3229 deos
1328 3162 1611 3229 omnino
1640 3182 1793 3230 esse
1833 3162 2177 3251 negabant
2227 3163 2459 3252 populi
2521 3161 2779 3251 judicio

755 3268 1155 3347 habebatur,
1190 3275 1258 3336 et
1288 3269 1445 3357 quia
1474 3275 1619 3337 erat
1670 3268 1949 3358 ingenio
2013 3271 2647 3358 praestantissimus,
2712 3271 2776 3336 in

755 3395 829 3454 se
903 3376 1378 3463 imperitorum
1453 3376 1914 3464 suspicionem
1993 3377 2331 3466 praecipue
2406 3377 2767 3458 convertit.

753 3482 973 3569 Hujus
1025 3481 1461 3560 sermonibus
1519 3482 1925 3550 informatus
1974 3483 2093 3551 sed
2144 3484 2471 3572 magistro
2538 3503 2821 3586 parurn¹

814 3741 834 3776 ¹
872 3743 1115 3800 Tnucvn„
1150 3744 1250 3800 vn,
1291 3747 1368 3792 50.
1413 3744 1477 3790 De
1511 3743 1673 3800 Nicia,
1709 3745 1771 3792 cf.
1811 3744 1898 3792 ΤΗ.
1946 3745 2100 3802 Κοοκ,
2136 3745 2353 3804 Amyew.
2396 3742 2673 3791 Komoedien
2699 3741 2781 3790 des

751 3823 995 3883 aristoph.
1029 3825 1198 3878 Ritter,
1240 3828 1308 3873 11.

811 3902 834 3937 ²
871 3906 1010 3952 D1oo.
1039 3906 1246 3961 LAERT„
1275 3906 1334 3961 ΙΙ,
1365 3909 1438 3953 11.

815 3982 838 4017 ²
871 3985 1059 4040 Cmnn„
1087 3988 1203 4033 Nat.
1237 3988 1401 4040 Deor„
1433 3989 1472 4042 I,
1500 3990 1577 4034 23.
1613 3989 1753 4036 Dloo.
1780 3988 1993 4044 Lusum,
2019 3987 2103 4042 IX,
2138 3990 2184 4034 8.

757 4071 762 4076 “
811 4065 834 4098 ⁴
878 4068 1018 4114 Sur.
1046 4055 1245 4122 Enna„
1273 4066 1392 4113 Adv.
1428 4067 1674 4124 Mathem„
1722 4069 1805 4125 IX,
1840 4071 1915 4115 53.
1948 4067 2136 4123 Cxcnn„
2164 4067 2279 4115 Nat.
2312 4067 2471 4115 θεον..
2500 4067 2534 4122 1,
2570 4067 2664 4123 233
2695 4068 2777 4124 111,

753 4148 829 4202 37,
866 4151 911 4193 et
937 4148 1109 4193 Scnon.
1142 4147 1331 4218 Auium,
1364 4150 1426 4194 ad
1457 4163 1503 4195 v.
1549 4151 1687 4196 1073.
