3167 5125
1594 518 1847 573 .-8-·-

707 666 946 715 ansam
977 645 1242 714 nullam
1297 642 1570 734 propria
1618 660 1743 710 sua
1797 642 2226 732 professione
2274 644 2435 713 huic
2482 649 2738 713 nosti-re
2796 698 2801 701 .

598 845 602 850 .
709 750 1136 840 inquisitioni
1167 748 1604 840 praebuisset,
1651 769 1795 817 non
1834 750 2060 819 solum
2090 751 2376 820 illustris
2406 751 2639 843 populi
2670 757 2741 820 et

707 857 1169 938 celeberrimae
1207 855 1424 924 aetatis
1470 855 1789 944 patefecit
1829 856 2221 945 ingenium,
2268 858 2391 927 sed
2428 858 2515 925 ad
2544 876 2737 927 com-

706 964 1076 1033 mutandos
1123 981 1376 1041 morea,
1442 962 1838 1031 renovanda
1887 960 2136 1043 studia,
2194 963 2739 1034 labefactandam

709 1077 828 1142 aut
851 1070 1393 1141 confirmandam
1421 1069 1829 1159 religionem
1853 1090 1989 1158 qua
2014 1071 2226 1139 totius
2252 1070 2542 1139 civitatis
2568 1071 2739 1139 ratio
2821 1118 2825 1121 -

708 1186 914 1268 atque
945 1178 1085 1247 vita
1109 1175 1616 1257 continebatur,
1663 1178 1963 1244 multum
2002 1178 2314 1247 contulit.
2366 1178 2569 1247 Nullo
2611 1177 2738 1267 igi-

711 1291 823 1354 tur
852 1291 1048 1375 pacto
1077 1290 1392 1374 posteros
1418 1282 1651 1352 licebit
1688 1280 2073 1372 prohibere,
2126 1285 2501 1373 quominus
2530 1284 2615 1351 ab
2659 1284 2741 1351 iis

709 1392 885 1460 sicut
930 1390 1016 1459 ad
1057 1390 1530 1460 testimonium
1565 1390 1658 1457 ita
1707 1388 1794 1455 ad
1832 1389 2175 1479 judicium
2228 1390 2495 1460 citetur.
2548 1390 2739 1468 Quod

715 1503 943 1567 tamen
1001 1496 1094 1565 ut'
1123 1498 1394 1587 planius
1441 1497 1731 1577 eluceat,
1783 1516 2000 1586 pauca
2044 1496 2245 1567 nohis
2292 1497 2379 1566 de
2425 1497 2743 1589 religiosa

713 1605 862 1695 ejus
901 1606 1119 1674 aetatis
1155 1604 1579 1672 Athenarum
1612 1602 1868 1684 indole,
1904 1610 1972 1671 et
2024 1603 2111 1672 de
2140 1603 2499 1674 comoediae
2526 1604 2742 1694 ipsius

715 1710 1110 1779 conditione
1142 1731 1426 1781 necesse
1453 1717 1560 1782 est
1591 1730 2015 1800 praeponere.

1672 2065 1794 2131 §2-

929 2260 1000 2303 ΒΕ
1039 2258 1344 2303 animosa
1384 2258 1809 2301 Arflnmssnsmu
1846 2259 2058 2311 mpouz
2096 2260 2165 2303 ΒΤ
2203 2260 2275 2303 D!
2312 2260 2546 2302 vn'runm

1381 2366 1683 2410 COHOEDIAE
1720 2367 2091 2410 CONDITIORB.

826 2570 1103 2638 Homeri
1135 2575 1336 2636 aetate
1375 2568 1655 2636 scientia
1710 2569 1937 2636 omnis
1978 2570 2064 2636 de
2114 2568 2245 2636 diis
2288 2575 2357 2638 et
2395 2568 2481 2636 de
2519 2587 2746 2636 rerum

727 2681 968 2742 natura
1024 2674 1288 2748 decoris
1357 2675 1780 2742 innitebatur
1852 2673 2128 2754 fabulis,
2178 2695 2471 2764 quarum
2524 2682 2747 2744 aucto-

725 2781 904 2849 ritati
937 2781 1254 2850 homines
1283 2781 1631 2850 adversari
1670 2801 1895 2870 neque
1935 2789 2250 2871 poterant
2297 2804 2521 2872 neque
2562 2784 2749 2852 vole-

723 2888 889 2956 bant
921 2913 938 2970 ;
975 2885 1228 2978 quippe
1252 2910 1406 2978 quae
1467 2893 1713 2977 sponte
1746 2909 1869 2956 sua
1906 2891 2101 2978 quasi
2143 2912 2227 2959 ex
2267 2892 2479 2959 totius
2523 2892 2749 2980 gentis

641 3011 644 3014 “
723 2997 1003 3084 ingenio
1049 3003 1239 3076 ortae,
1269 2995 1518 3064 divina
1551 2996 1813 3084 origine
1844 2998 2272 3087 comprobari
2322 2997 2742 3067 viderentur.

729 3107 880 3175 Non
912 3116 1145 3178 mente
1170 3129 1248 3178 ac
1275 3111 1539 3178 ratione
1588 3106 1831 3176 mundi
1870 3105 2184 3172 ordinem
2215 3106 2575 3194 explicare,
2614 3114 2750 3173 non·

725 3218 1124 3287 continuam
1183 3224 1446 3287 naturae
1505 3216 1753 3287 seriem
1802 3212 2004 3282 certis
2064 3211 2429 3302 disponere
2484 3205 2751 3303 legibu‘s

732 3346 885 3393 mos
946 3332 1113 3404 erat,
1170 3325 1291 3395 sed
1353 3346 1506 3414 quae
1561 3321 2032 3392 enitescebant
2088 3327 2248 3387 ante
2305 3320 2542 3388 oculos
2598 3340 2751 3388 oum

732 3438 1012 3522 stupore
1047 3435 1346 3524 primum
1379 3431 1696 3499 admirati
1726 3435 1891 3498 sunt
1921 3427 2238 3495 homines
2267 3449 2284 3505 ;
2323 3426 2575 3496 deinde
2612 3430 2752 3495 vim

727 3539 1035 3608 abditam
1067 3560 1106 3608 a
1139 3539 1342 3609 rebus
1369 3539 1536 3627 ipsis
1559 3539 2025 3627 sejungentes,
2068 3540 2275 3600 deum
2304 3535 2753 3602 nominarunt

727 3667 935 3734 quam
989 3646 1374 3734 intelligere
1421 3645 1823 3731 nequibant.
1878 3643 2055 3709 Deos
2103 3639 2267 3708 inde
2318 3640 2446 3707 sibi
2496 3630 2755 3708 similes

730 3753 1080 3822 humanus
1133 3751 1544 3840 excogitavit
1563 3751 1860 3828 animuS,
1882 3766 2281 3836 numenque
2302 3767 2341 3814 a
2359 3767 2436 3816 se
2451 3755 2756 3815 creatum

729 3860 888 3927 vitae
917 3913 932 3938 ,
1013 3859 1344 3937 moribus,
1425 3857 1800 3947 cognitioni
1872 3861 2199 3943 tanquam
2248 3854 2754 3923 moderatorem

727 3971 934 4054 atque
975 3966 1380 4054 magistrum
1411 3962 1809 4055 praeposuit.

819 4073 1188 4161 Postquam
1237 4071 1554 4162 cogitatio
1609 4089 1868 4139 novum
1941 4070 2254 4158 concepit
2314 4067 2559 4152 robur,
2615 4091 2755 4138 non

731 4179 952 4270 potuit
974 4179 1138 4270 quin
1162 4181 1460 4249 claustra
1482 4194 1925 4271 perrumpere
1945 4182 2013 4246 et
2038 4174 2125 4245 ad
2151 4177 2758 4250 remotioresfines
