3167 5125
1413 528 1695 581 ...53-

535 638 905 740 exemplar,
942 672 1079 719 non
1114 652 1286 719 adeo
1309 672 1511 741 supra
1538 656 1788 720 terram
1826 651 2247 733 escenderat,
2287 662 2363 722 ut
2387 654 2565 722 sicut

535 758 605 823 in
644 756 1023 846 quotidiani
1074 760 1411 827 sermonis
1449 780 1606 840 usn,
1652 758 1744 825 ita
1792 759 1862 825 in
1907 758 2245 827 comoedia
2283 761 2565 850 vulgare

535 864 816 952 aliquid,
852 866 1163 933 attritum
1195 872 1261 934 et
1291 865 1657 934 ridiculum
1701 886 1843 955 prae
1874 886 1947 934 se
1984 867 2213 935 ferret.
2257 868 2381 946 Qui
2425 875 2561 937 sta-

536 977 710 1050 tura,
731 971 999 1053 robore,
1017 972 1419 1040 fortitudine
1440 973 1754 1061 insigniS,
1777 994 1896 1062 per
1914 985 2190 1064 παρῳδῑαν
2213 976 2560 1054 immaniS‚

535 1078 990 1157 truculentus,
1026 1079 1336 1168 gulosus,
1382 1081 1756 1147 rusticitate
1795 1080 2107 1147 informis
2132 1083 2371 1151 evasit.
2404 1084 2567 1151 Her-

537 1183 722 1251 cules
753 1184 837 1250 ab
868 1186 1274 1273 Epicharmo
1305 1188 1447 1275 jam
1480 1189 1550 1253 in
1582 1205 1852 1254 scenam
1887 1186 2283 1283 productus,
2322 1197 2390 1257 et
2418 1190 2565 1278 ple-

538 1302 830 1380 rumque
881 1292 1066 1359 illius
1120 1298 1339 1381 poetae
1391 1294 1711 1383 exemplo
1741 1308 1803 1361 τὸ
1829 1303 2038 1363 δεῖπνον
2076 1310 2474 1386 ἐξαπατώμενος
2512 1301 2560 1375 ¹,

539 1400 766 1466 tritam
799 1419 960 1466 mox
992 1405 1061 1467 et
1090 1399 1468 1469 obsoletam
1497 1400 1843 1491 praebebat
1872 1402 2151 1469 comicis
2182 1404 2561 1483 materiam,

539 1505 624 1573 de
661 1525 792 1593 qua
831 1526 988 1573 cum
1019 1506 1292 1573 fastidio
1324 1508 1821 1601 Aristophanes
1856 1509 1927 1576 in
1974 1512 2191 1593 Vespis
2236 1508 2559 1599 loquitur,

538 1602 686 1701 ipse
725 1612 918 1681 brevi
959 1613 1283 1681 eumdem
1322 1614 1392 1681 in
1432 1618 1698 1697 AvibuS,
1744 1614 1994 1685 deinde
2032 1614 2102 1681 in
2136 1620 2340 1683 Remis
2366 1616 2567 1683 adhi-

537 1720 830 1787 biturus.
865 1720 939 1787 In
975 1725 1167 1787 Pacis
1196 1741 1468 1810 quoque
1500 1721 1805 1810 parabasi
1836 1721 2187 1803 alluditur,
2219 1721 2568 1811 Eupolidis

537 1827 924 1916 Cratinique
981 1828 1274 1896 vexandi
1324 1848 1564 1908 OaUSa‚
1617 1827 1703 1895 ad
1755 1832 2032 1919 lipoexk'oec
2087 1843 2212 1905 τοὺς
2267 1841 2568 1919 μάττοντας

533 1951 622 2006 καὶ
650 1948 775 2012 τοὺς
809 1956 1092 2012 πεινῶντας
1111 1950 1352 2019 ἐκείνους,
1386 1956 1559 2024 quos
1601 1956 1741 2003 non
1785 1935 1957 2003 adeo
1993 1937 2337 2025 respuisse
2382 1937 2569 2004 Aris-

539 2043 915 2132 tophanem
963 2062 1121 2108 cum
1161 2041 1502 2129 praedictis
1533 2042 1867 2130 exemplis
1897 2047 2260 2124 testantur,
2298 2064 2451 2132 quae
2483 2042 2569 2112 de

535 2153 1005 2215 Daetalensibus
1056 2155 1124 2216 et
1173 2152 1579 2215 AE'olosicone
1655 2147 2030 2238 deperditis
2076 2147 2325 2217 fabulis
2378 2170 2569 2217 com-

535 2261 726 2343 perta
767 2254 1124 2323 habemus,
1179 2254 1535 2345 Euripides
1588 2254 1915 2343 alioquin,
1969 2256 2035 2321 in
2085 2255 2414 2345 tragoedia
2457 2256 2573 2324 illa

536 2362 793 2430 comica
861 2382 1015 2449 quae
1081 2366 1352 2429 Alcestis
1425 2361 1819 2429 inscribitur
1852 2366 1904 2442 ²,
1976 2362 2293 2449 quamvis
2363 2361 2569 2430 deum

535 2468 937 2537 fortitudine
1003 2474 1071 2536 et
1134 2469 1701 2557 magnanimitate
1770 2468 2111 2556 insignem
2191 2467 2565 2547 effinxerit,

535 2581 838 2645 attamen
893 2576 1374 2645 consuetudini
1425 2575 1690 2666 vulgari
1728 2573 2089 2655 concessit,
2148 2596 2362 2662 quum
2405 2574 2570 2643 soli-

541 2689 676 2750 tam
710 2687 858 2773 ejus
888 2685 1330 2752 voracitatem
1367 2703 1506 2751 non
1547 2683 1885 2751 dubitavit
1914 2681 2318 2772 gravissimo
2367 2701 2572 2772 argu-

457 2853 464 2858 .
537 2798 771 2859 mento
805 2791 1220 2860 consociare.

625 2899 703 2964 In
759 2902 1022 2977 AvibuS,
1074 2898 1353 2987 gloriosi
1400 2898 1637 2966 militis
1685 2915 2006 2992 sermone
2061 2903 2267 2986 atque
2294 2896 2562 2976 habitu,

536 3003 664 3072 etsi
694 3003 780 3072 de
819 3023 982 3093 pace
1029 3004 1296 3094 legatus
1334 3005 1590 3072 missus
1629 3009 1757 3082 est,
1805 3002 2231 3070 conditorem
2271 3003 2570 3091 primum

535 3131 735 3179 novae
767 3110 956 3178 urbis
986 3118 1222 3178 contra
1247 3113 1364 3200 J'us
1393 3111 1701 3200 gentium
1752 3109 1899 3176 vult
1942 3109 2393 3198 strangulare.
2438 3107 2567 3177 Sed

535 3217 893 3307 epularum
955 3217 1196 3286 nidore
1252 3218 1558 3299 allectuS‚
1628 3215 1960 3305 dignitate
2029 3217 2218 3283 omni
2279 3214 2563 3303 abjecta,

535 3324 875 3413 quaslibet
917 3324 1374 3405 conditioneS,
1432 3322 1811 3390 dummodo
1852 3322 2167 3389 convivio
2207 3323 2294 3389 sit
2323 3341 2567 3411 excep-

536 3439 672 3511 ωε,
704 3430 966 3520 probat.
999 3433 1233 3520 Neque
1265 3430 1643 3520 quidquam
1674 3433 1967 3519 prosunt
2003 3429 2300 3518 Neptuni
2330 3449 2570 3519 expro-

536 3539 906 3618 brationeS,
933 3557 1192 3626 preceS,
1217 3540 1422 3606 minae
1436 3561 1452 3618 ;
1480 3559 1622 3606 non
1647 3537 1835 3605 Jovis
1855 3537 2084 3603 solum
2101 3535 2561 3624 tyrannidem,

537 3645 658 3714 sed
682 3659 958 3734 βασιλειαν
989 3667 1262 3734 quoque
1293 3644 1688 3714 nubendam
1729 3641 2061 3727 concedit,
2108 3663 2332 3731 neque
2374 3645 2565 3711 cohi·
2606 3669 2617 3677 ·

535 3752 681 3820 beri
715 3759 942 3842 potest
971 3752 1140 3842 quin
1172 3773 1294 3841 pro
1336 3751 1524 3841 pulte
1569 3770 1782 3840 seque
1826 3756 1895 3818 et
1932 3750 2303 3839 Olympum
2344 3756 2567 3818 totum

535 3857 776 3926 avibus
827 3857 1092 3947 prodat.
1147 3860 1357 3927 Parvo
1397 3863 1701 3926 ceterum
1748 3857 1967 3946 ipsius
2016 3855 2452 3938 detrimentO,
2508 3860 2566 3928 si

595 4109 616 4144 ¹
653 4110 800 4170 resp..
828 4113 904 4159 60.
938 4107 1008 4159 cf.
1043 4112 1174 4170 Pac„
1207 4109 1315 4167 741,
1341 4121 1457 4158 cum
1483 4110 1661 4158 Senot..
1687 4112 2008 4158 commentar.

596 4189 622 4225 ἱ
644 4188 832 4246 Alcen„
866 4189 956 4237 747
981 4194 1030 4238 et
1053 4203 1155 4251 seq.
