3167 5125
1005 1172 1265 1285 CAPUT
1314 1177 1659 1247 PRIMUM.

553 1460 968 1508 ARGUMENTA
1029 1438 1416 1505 IMPI'ETATIS
1475 1461 1561 1505 Ex
1629 1461 2121 1509 ARISTOPHANIS

965 1583 1302 1632 COMOEDIIS
1349 1585 1707 1633 COLLECTA.

413 1882 888 1973 Aristophanis
917 1883 1322 1971 religionem
1353 1885 1877 1973 anquirentibus
1910 1885 2162 1975 duplex
2192 1905 2345 1975 ape-

325 1992 500 2081 ritur
529 1991 660 2058 via.
692 1991 828 2057 Aut
858 1983 1193 2079 permixte
1225 1994 1561 2081 excerptis
1610 2012 1689 2059 ex
1740 1995 1887 2081 ejus
1918 1993 2167 2061 fabulis
2200 2014 2355 2083 quae

324 2097 414 2171 ad
461 2117 666 2165 unam
709 2103 779 2167 et
817 2096 1130 2165 eamdem
1184 2096 1470 2165 deorum
1523 2118 2011 2189 sacrorumque
2056 2102 2354 2190 speciem

327 2203 871 2279 adumbrandam
932 2212 1336 2297 argumenta
1397 2197 1805 2295 subjiciunt,
1866 2207 2105 2275 ordine
2171 2214 2355 2277 certo

327 2332 554 2401 neque
593 2312 698 2379 bis
743 2310 828 2379 ad
862 2309 1104 2378 eadem
1152 2312 1399 2379 reverti
1453 2314 1703 2381 coactis
1732 2312 1963 2382 licebit
1995 2313 2311 2403 progredi
2336 2338 2351 2391 ;

327 2419 451 2497 sed
481 2419 885 2509 gravissima
913 2416 1290 2486 disceditur
1317 2418 1502 2507 lege,
1559 2438 1691 2506 qua
1730 2440 2137 2508 magnorum
2175 2404 2359 2488 viross

327 2549 482 2596 rum
511 2546 714 2618 opera
735 2526 1013 2595 illorum
1040 2526 1174 2594 vita
1197 2531 1400 2614 atque
1419 2524 1717 2594 fortunis
1739 2526 2142 2594 aestimanda
2166 2532 2353 2594 sunt.

327 2639 463 2702 Aut
511 2634 805 2702 auctoris
854 2633 1070 2722 ipsius
1111 2635 1362 2700 secutis
1413 2634 1693 2723 vestigia
1722 2688 1737 2714 ‚
1779 2634 2180 2722 fabulasque
2236 2655 2358 2723 pro

327 2742 756 2830 temporibus
786 2740 1036 2828 quibus
1069 2740 1514 2808 effloruerunt
1544 2740 2155 2830 perpendentibus,
2194 2761 2361 2830 quo-

328 2848 562 2916 minus
605 2867 1163 2936 unamquamque
1194 2866 1338 2914 rem
1383 2848 1639 2936 pluries
1670 2848 1897 2915 forsan
1941 2856 2355 2938 repetamuS,

329 2974 474 3022 non
500 2954 695 3022 facile
720 2955 847 3022 erit
879 2954 1117 3022 vitare.
1156 2953 1521 3042 Utriusque
1555 2956 1682 3022 viae
1711 2956 2043 3024 aestimata
2074 2955 2362 3022 utilitate

329 3070 398 3130 et
417 3061 926 3150 circumspectis
953 3059 1432 3138 incommodis,
1462 3080 1611 3128 eam
1636 3061 1899 3150 ingredi
1923 3062 2361 3151 potissimum

328 3168 524 3250 libet,
559 3189 694 3257 qua
723 3168 1164 3258 Aristophani
1192 3169 1476 3236 comites
1503 3169 2017 3258 quodammodo
2045 3170 2143 3236 ire
2172 3168 2357 3236 vide-

330 3275 602 3357 bimur3
647 3276 740 3343 ita
799 3282 1029 3344 tamen
1091 3281 1206 3354 ut,
1269 3276 1637 3343 summotis
1676 3298 1827 3365 quae
1870 3276 2153 3344 minoris
2202 3280 2364 3342 sunt

330 3381 679 3471 ponderiS,
718 3383 966 3451 rectius
1006 3401 1081 3448 ac
1110 3381 1393 3449 liberius
1427 3381 1512 3449 ad
1555 3389 1813 3451 metam
1853 3383 2199 3472 possimus
2231 3384 2363 3450 fes-

335 3489 578 3558 tiuare.

427 3597 577 3665 Tria
607 3615 859 3686 genera
891 3595 1260 3684 impietatis
1291 3596 1358 3663 in
1391 3595 1870 3686 Aristophanis
1892 3597 2274 3678 comoediiS,
2307 3597 2363 3665 si

332 3725 457 3795 pro
490 3704 744 3772 nostris
781 3710 1158 3793 pensantur
1189 3703 1653 3792 opinionibuS,
1693 3713 2059 3774 occurrunt
2091 3730 2105 3772 ε
2140 3705 2360 3772 irrisio

333 3813 634 3902 primum
681 3821 929 3897 τεράτων,
966 3809 1419 3894 oraculorum,
1472 3811 1986 3892 sacrificiorum,
2033 3811 2365 3900 precatio·

333 3923 527 3998 num,
553 3917 1099 3985 caerimoniarum
1121 3918 1431 3984 omnium
1458 3939 1613 4006 quae
1632 3918 1713 3985 ad
1740 3919 2002 3986 cultum
2026 3919 2364 4008 privatum
2418 3978 2423 3986 .

333 4024 828 4115 publicumque
860 4025 1225 4114 pertinent,
1267 4044 1536 4093 necnon
1570 4023 2003 4092 sacerdotum
2042 4024 2368 4093 vaticina·
2412 4035 2420 4040 ’

339 4131 728 4224 torumque,
753 4132 868 4221 qui
901 4131 1050 4218 ejus
1081 4131 1304 4200 cultus
1338 4138 1651 4200 auctores
1683 4138 1845 4198 sunt
1886 4137 2005 4199 aut
2027 4130 2319 4214 ministri
2346 4153 2363 4212 ;
