3167 5125
1506 518 1789 571 „54-

634 643 1031 713 Pisthetaero
1081 640 1349 713 Solonis
1386 639 1620 731 legum
1660 641 2012 731 interpreti
2052 640 2229 711 fides
2278 639 2679 711 adhibenda

636 758 786 819 est:
843 750 1096 840 quippe
1133 749 1250 837 qui
1283 749 1578 824 mortali,
1640 768 1779 815 non
1832 749 2137 839 legitima
2170 754 2389 815 matre
2442 753 2675 829 natus,

639 856 1039 925 haereditate
1065 856 1274 943 patris
1319 852 1646 923 exclusus
1676 854 1788 923 sit.
1824 856 2003 923 Num
2045 855 2293 923 melius
2324 854 2562 945 plebes
2594 854 2681 925 de

638 964 885 1031 veteris
937 962 1286 1054 religionis
1335 960 1622 1028 stultitia
1672 960 1920 1029 certior
1954 967 2221 1049 poterat
2258 961 2455 1031 fieri?
2502 960 2679 1029 Num

642 1071 890 1139 melius
920 1067 1086 1137 deos
1115 1086 1344 1157 neque
1375 1067 1558 1148 oriri,
1596 1086 1820 1156 neque
1866 1067 2139 1147 mutari,
2188 1087 2417 1156 neque
2461 1088 2676 1159 regno

641 1175 889 1252 orbari,
940 1180 1014 1242 ut
1043 1174 1384 1240 Homerici
1430 1171 1834 1253 docuerunt,
1875 1172 2371 1243 demonstrari?
2421 1175 2683 1265 Quippe

643 1282 819 1349 nihil
875 1280 1122 1351 horum
1169 1279 1254 1347 ad
1305 1279 1473 1352 deos
1513 1280 1811 1365 pertinet
1856 1280 2023 1366 quin
2071 1281 2315 1351 avibus
2366 1302 2677 1371 quoque,

645 1410 783 1457 non
816 1378 1214 1455 hominibus
1246 1383 1495 1464 solum,
1535 1386 1624 1453 sit
1648 1405 2039 1453 commune.

732 1496 1146 1585 Dignitatem
1171 1490 1538 1581 quamdam
1569 1493 1641 1559 in
1661 1492 2005 1581 legatione
2036 1492 2148 1560 illa
2180 1496 2480 1563 servavit
2513 1495 2683 1585 Nep·

644 1611 878 1682 tunuS,
923 1608 1238 1668 veterum
1266 1598 1556 1667 deorum
1594 1604 1663 1667 et
1687 1618 1852 1667 vere
1890 1599 2249 1686 gentilium
2282 1602 2633 1689 exemplar
2664 1624 2678 1669 ι

641 1712 756 1799 qui
795 1707 1138 1795 equestris
1186 1704 1448 1776 ordinis
1499 1712 1827 1793 patronus
1876 1711 1945 1774 et
1979 1706 2267 1774 tutelare
2322 1728 2609 1787 numen,
2645 1730 2685 1775 a

641 1823 879 1883 nostro
906 1812 1094 1887 haud
1127 1812 1342 1880 semel
1368 1811 1748 1902 splendidis
1766 1811 2145 1880 celebratus
2171 1814 2591 1885 carminibus
2629 1819 2679 1894 ¹,

643 1904 1430 2012 p‘ropterAtticamsuam
1453 1918 1787 2007 originem
1808 1920 1941 1986 etci
1951 1918 2155 1989 vilem
2168 1920 2683 2009 quodammodo

642 2028 1140 2106 auctoritatem,
1191 2025 1669 2113 Aristophanis
1722 2023 1991 2093 videtur
2033 2030 2193 2096 ante
2220 2032 2487 2096 ceteros
2517 2026 2686 2099 deos

642 2136 980 2203 vitaturus
1032 2132 1250 2200 fuisse
1299 2130 1618 2199 ludibria.
1667 2132 1866 2198 Hunc
1911 2138 2141 2202 tamen
2182 2132 2447 2202 inducit
2486 2141 2685 2203 vetu-

643 2244 815 2319 lum,
863 2240 1206 2309 haesitanti
1254 2240 1520 2327 lingua,
1566 2238 1835 2305 consilii
1875 2246 2250 2328 expertem,
2290 2261 2439 2309 aevo
2479 2240 2687 2309 simul

645 2359 850 2437 atque
877 2347 1166 2415 stultitia
1205 2344 1694 2413 deformatum.
1730 2346 1994 2434 Nempe
2026 2366 2249 2435 genus
2280 2368 2488 2417 omne
2514 2346 2685 2419 deo-

649 2476 802 2525 rum
841 2456 959 2543 qui
1002 2458 1340 2522 vetustate
1385 2451 1891 2530 obsoleverant,
1936 2452 2312 2541 significat;
2375 2474 2555 2523 unus
2602 2476 2687 2525 ex

647 2556 1090 2652 optimatibus
1136 2559 1330 2639 deUS,
1373 2561 1490 2649 qui
1533 2569 1893 2648 δημοκρατίαν
1932 2581 2205 2648 quoque
2230 2561 2522 2652 Olympo
2560 2583 2686 2654 po-

648 2673 839 2739 titam
871 2668 1274 2746 detestatur,
1307 2665 1428 2733 sed
1453 2665 1697 2732 effetus
1726 2673 1795 2732 et
1823 2685 2085 2746 excors,
2119 2667 2453 2737 adversus
2483 2691 2687 2738 nova·

647 2784 831 2844 tores
883 2773 1250 2861 imperium
1299 2791 1439 2838 non
1489 2769 1673 2837 valet
1730 2771 1904 2838 tueri
1956 2778 2023 2838 et
2075 2772 2350 2842 silentio
2402 2775 2687 2844 demum

646 2886 1015 2949 contentus
1046 2885 1174 2948 est.
1209 2880 1348 2946 Etsi
1375 2880 1444 2945 in
1471 2877 1815 2965 legatione
1847 2877 1963 2943 illa
1992 2874 2427 2949 honestiores
2456 2890 2688 2970 partes

646 3006 854 3076 quarn
919 2986 1148 3063 ceteri,
1212 3005 1509 3074 quorum
1576 2982 1750 3050 alius
1811 2983 2071 3072 perdite
2132 2986 2442 3074 gulosus,
2511 2991 2689 3062 alius

649 3095 930 3162 omnino
983 3092 1277 3160 stolidus
1328 3091 1611 3170 incedit,
1656 3090 2015 3180 Neptunus
2054 3095 2338 3182 accepit,
2386 3102 2690 3166 attamen

649 3219 993 3278 sermone,
1051 3194 1314 3275 habitu,
1363 3197 1638 3265 silentio
1689 3197 1895 3264 etiam
1930 3201 1981 3276 2,
2041 3219 2122 3266 eo
2176 3202 2395 3290 magis
2451 3201 2693 3272 debuit

650 3303 1152 3394 spectatoribus
1213 3305 1426 3370 risum
1489 3321 1951 3383 commovere,
2011 3306 2197 3391 quod
2232 3327 2374 3375 non
2406 3309 2711 3382 auribus'

649 3420 918 3479 tantum
945 3411 1066 3480 sed
1095 3411 1312 3478 oculis
1346 3428 1621 3498 quoque
1653 3408 2058 3478 deformatio
2094 3410 2209 3478 illa
2240 3411 2684 3502 prodebatur.

648 3521 828 3586 Deus
859 3537 1022 3586 vero
1065 3517 1150 3583 de
1195 3536 1332 3604 quo
1382 3513 1655 3605 publice
1700 3516 1793 3582 ita
1842 3515 2003 3582 licet
2052 3521 2264 3607 jocari
2309 3527 2379 3588 et
2433 3522 2685 3601 ridere,

603 3698 608 3702 ,
652 3625 824 3691 deus
855 3643 1006 3692 esse
1035 3615 1262 3692 desiit.
1345 3638 1352 3646 ·

744 3728 1184 3799 Concluditur
1243 3729 1493 3817 legatio
1545 3729 2020 3816 comoediaque
2079 3726 2286 3798 simul
2338 3719 2548 3814 JoviS,
2604 3731 2691 3802 de

652 3839 848 3927 cujus
879 3842 1099 3904 morte
1129 3837 1199 3902 in
1231 3835 1523 3902 transitu
1557 3835 1814 3901 mentio
1845 3834 2021 3902 facta
2067 3843 2172 3903 est
2206 3841 2258 3917 3,
2294 3840 2654 3909 eversione
2666 3864 2685 3920 3

712 4032 732 4069 ¹
769 4033 957 4094 Equit..
987 4032 1076 4080 547
1101 4037 1147 4079 et
1173 4045 1278 4091 seq.

713 4112 737 4146 ²
775 4111 904 4170 Ἐγὼ
924 4111 1135 4170 δ’ἐπειδὴ
1167 4111 1481 4175 σφῷνβοκεῐ,
1511 4111 1797 4178 mmo-mur..
1835 4111 1963 4174 (Am,
1998 4113 2157 4170 1684.)

713 4191 738 4226 ⁸
769 4192 918 4248 Ihid.,
955 4191 1090 4238 1645.
