3167 5125
1047 1186 1311 1256 CAPUT
1362 1185 1752 1255 TERTIUM.

446 1429 957 1478 ARISTOPHANES
1002 1431 1075 1477 IN
1124 1431 1383 1479 mvmts
1432 1429 2010 1478 PHILOSOPHORUM
2058 1429 2347 1478 FAUTOR.

472 1685 664 1754 Adeo
738 1687 1221 1775 pervulgatum
1310 1694 1417 1759 est
1496 1687 1822 1756 omnihus
1879 1688 2410 1777 Aristophanem

382 1813 661 1882 semper
691 1793 1271 1882 philosophorum
1314 1795 1529 1884 ipsius
1570 1795 1792 1862 aetatis
1836 1797 2143 1863 extitisse
2181 1794 2414 1863 adver·

380 1900 667 1976 sarium,
707 1906 781 1967 ut
810 1921 953 1968 non
991 1901 1143 1968 sine
1180 1901 1610 1990 gravissimis
1653 1902 2034 1971 rationibus
2065 1902 2410 1971 diversam

382 2027 423 2072 a
462 2007 669 2074 nobis
721 2006 1118 2097 opinionem
1158 2008 1668 2098 suscipiendam
1717 2029 1870 2080 esse
1901 2015 2248 2099 putemus.
2290 2012 2414 2078 Per

378 2133 591 2202 quam
624 2114 681 2182 si
711 2114 1173 2202 periculosum
1208 2122 1313 2182 est
1342 2116 1722 2184 multorum
1749 2117 2170 2206 persuasioni
2203 2118 2410 2192 offen-

382 2220 573 2299 dere,
608 2219 781 2288 illud
812 2220 1059 2289 saltem
1100 2208 1596 2310 gratissimum,
1653 2223 1738 2289 ab
1799 2224 2034 2312 iniqua
2089 2246 2412 2312 quorum-

378 2327 545 2396 dam
604 2328 953 2396 sententia
1008 2333 1324 2396 nostrum
1390 2328 1704 2410 liberare,
1757 2349 1968 2418 quem
2022 2329 2406 2399 discordem

379 2454 617 2503 secum
644 2433 861 2502 fuisse
921 2434 1290 2515 affirment,
1326 2435 1397 2503 id
1434 2441 1539 2504 est
1564 2425 1917 2506 communi
1964 2435 2166 2525 plane
2197 2458 2409 2506 sensu

350 2540 688 2611 -caruisse
724 2545 775 2622 ¹,
834 2541 1089 2631 quippe
1143 2542 1260 2631 qui
1304 2543 1606 2632 antiquae
1655 2542 2008 2634 religionis
2047 2564 2407 2615 censuram

378 2650 589 2717 simul
618 2654 687 2719 et
717 2646 1175 2739 patrocinium
1200 2650 1563 2739 amplexus
1592 2650 1800 2721 fuerit
1835 2657 2039 2741 atque
2079 2652 2174 2721 ita
2221 2651 2407 2721 fabu-

379 2756 483 2823 las
510 2774 671 2825 suas
708 2756 955 2825 aluerit
989 2756 1287 2845 ineptiis.
1331 2758 1476 2827 Hoc
1523 2758 1836 2847 graviore
1897 2778 2104 2847 quam
2163 2758 2408 2848 impie—

380 2862 875 2952 tatiscrimine,
904 2863 1065 2950 quia
1106 2862 1391 2933 demum
1435 2864 1521 2935 de
1550 2867 1813 2935 comico
1865 2866 2114 2955 agitur,
2149 2866 2206 2935 si
2241 2887 2404 2935 nos-

378 2976 561 3037 trum
590 2969 1050 3051 vindicamus,
1089 2990 1231 3039 non
1263 2970 1517 3039 laboris
1541 2971 1825 3061 pigebit.

465 3076 865 3151 Cavendum
895 3083 1125 3146 tamen
1159 3098 1249 3147 ne
1279 3082 1380 3145 tot
1410 3078 1782 3147 illustrium
1815 3080 2206 3147 criticorum
2227 3095 2408 3147 com-v

360 3183 918 3253 mentationibus
956 3191 1117 3253 ante
1168 3185 1404 3253 oculos
1468 3185 1736 3274 positis,
1784 3185 2112 3255 novitatis
2168 3184 2404 3253 dulce-

378 3290 541 3357 dine
566 3290 759 3369 ebrii,
798 3291 1132 3381 voluptati
1171 3293 1425 3369 mentis
1450 3299 1706 3363 nostrae
1736 3292 1891 3380 plus
1925 3312 2122 3383 aequo
2173 3290 2404 3359 indul-

377 3416 683 3487 geamus.
743 3398 1027 3475 Nonnisi
1092 3418 1343 3489 magno
1398 3402 1561 3469 tecti
1613 3399 1989 3489 patrocinio
2041 3399 2111 3469 in
2189 3398 2402 3495 aciem

378 3504 717 3595 progredi,
750 3506 1073 3586 velimus,
1096 3506 1351 3577 scilicet
1376 3526 1415 3575 a
1440 3508 1508 3577 C.
1542 3506 1784 3576 Kockii
1803 3506 2402 3607 commentatione,

374 3616 747 3703 quamjam
787 3636 992 3705 supra
1024 3617 1093 3683 in
1134 3616 1610 3685 testimonium
1657 3616 1866 3705 hujus
1912 3614 2153 3704 judicii
2191 3615 2404 3685 advo-

375 3720 705 3801 cavimus,
744 3721 922 3789 hanc
949 3742 1224 3810 quoque
1250 3722 1476 3811 operis
1512 3724 1729 3792 nostri
1755 3727 2018 3811 partem
2047 3722 2398 3811 auspicati.

374 3826 499 3903 Qui
560 3848 716 3896 cnm
785 3828 1090 3897 lucidum
1157 3850 1299 3897 non
1350 3829 1513 3899 huic
1550 3834 1821 3898 tantum
1868 3829 2232 3917 quaestioni
2280 3828 2402 3899 sed

374 3933 684 4001 omnium
716 3934 1141 4023 antiquitatis
1178 3940 1536 4025 poetarum
1568 3935 2117 4023 interpretationi
2169 3935 2401 4024 subje-

378 4194 381 4197 “
438 4192 455 4227 ¹
480 4194 538 4241 V.
574 4195 825 4253 Dqusmv,
856 4195 946 4243 Ad.
978 4197 1210 4245 German.
1239 4194 1483 4255 Aristopk.
1514 4194 1772 4257 translat„
1801 4198 1842 4253 1,
1869 4210 1918 4255 p.
1948 4196 2054 4244 264.
2101 4224 2108 4236 ι

1975 4279 2006 4332 ’7
