3167 5125
1530 515 1814 570 -78..

646 641 967 710 verentiae
1008 641 1257 709 veteris
1288 641 1481 730 signa
1498 647 1566 708 et
1594 641 1879 730 vestigia
1905 648 2310 730 appareant,
2347 643 2470 712 sed
2497 642 2706 712 foedae

646 747 1097 837 turpitudinis
1126 748 1356 814 omnia
1386 747 1590 835 plena
1621 748 1760 814 sint
1803 771 1816 813 :
1857 754 2084 815 tamen
2137 769 2280 817 non
2323 749 2454 817 hos
2499 751 2695 832 deOS,

646 875 821 943 quos
854 854 1133 922 irridere
1166 853 1461 935 videtur,
1515 855 1640 922 sed
1689 855 2150 924 Athenienses
2207 863 2511 941 accusat,
2575 880 2697 926 su-

649 964 1034 1052 perstitioni
1066 964 1370 1052 cujusvis
1401 965 1672 1054 generis
1700 964 1999 1046 deditos,
2042 972 2173 1035 etc.
2217 971 2233 1014 ¹
2275 994 2336 1032 ».
2365 966 2696 1035 Praeclara

649 1090 815 1138 sane
854 1089 890 1136 a
931 1069 1537 1159 superstitionibus
1584 1069 1743 1138 illos
1792 1072 2156 1140 amovendi
2214 1072 2411 1153 ratio,
2457 1073 2517 1140 si
2571 1074 2694 1140 Mi-

646 1197 856 1246 nerva
930 1177 1429 1266 Neptunusque
1506 1178 1831 1244 conviciis
1919 1178 2340 1261 obruantur,
2376 1181 2432 1247 si
2495 1181 2690 1248 nulla

648 1282 999 1371 religionis
1033 1281 1253 1350 forma
1284 1283 1497 1349 illaesa
1525 1287 1646 1349 aut
1676 1282 1939 1350 ridiculi
1981 1304 2224 1373 expers
2256 1290 2572 1354 maneat!

737 1390 927 1456 Illius
958 1409 1121 1457 vero
1145 1388 1409 1478 judicii,
1467 1389 1626 1476 quia
1667 1389 1908 1457 multis
1940 1412 2062 1478 pro
2101 1412 2265 1460 vero
2299 1400 2503 1481 atque
2533 1415 2686 1482 pro-

650 1498 809 1564 bato
866 1501 1300 1584 assumptum
1373 1500 1501 1574 est,
1554 1495 2084 1565 fundamentum
2153 1499 2354 1566 nobis
2401 1501 2685 1588 propius

650 1603 1150 1692 explorandum
1180 1603 1331 1682 erit,
1372 1622 1457 1671 ne
1487 1603 1899 1692 praecipuam
1931 1604 2140 1692 hujus
2170 1606 2478 1673 materiae
2509 1605 2684 1671 diffl-

648 1713 976 1779 cultatem
1018 1709 1341 1798 effugisse
1370 1709 1752 1778 videamur.
1791 1711 1920 1777 Sed
1969 1713 2374 1800 priusquam
2405 1712 2493 1778 ad
2535 1733 2682 1781 rem

646 1821 867 1907 ipsam
922 1818 1303 1896 veniamus,
1362 1817 1751 1884 criticorum
1817 1818 2424 1886 celeberrimorum
2499 1819 2680 1887 evol-

647 1924 892 1993 vendae
918 1930 1081 1991 sunt
1119 1925 1758 2002 commentationeS,
1792 1927 1848 1990 si
1895 1926 2010 2012 qui
2067 1925 2244 1993 forte
2282 1927 2682 2016 Aristopha-

646 2053 793 2101 neae
836 2031 1207 2118 impietatis
1272 2030 1607 2098 rationem
1661 2030 2082 2118 prohabilem
2145 2032 2488 2100 ediderint
2545 2053 2680 2120 qua

649 2139 863 2226 possit
893 2158 1049 2204 cum
1083 2137 1413 2224 religione
1451 2137 1520 2202 in
1548 2136 1834 2223 gratiam
1870 2137 2112 2206 redire.

732 2244 1032 2312 Occurrit
1116 2245 1187 2309 in
1264 2244 1501 2332 primis
1560 2244 1789 2331 opinio
1851 2264 2088 2312 eorum
2171 2247 2288 2333 qui
2373 2246 2680 2314 ridiculae

644 2351 912 2440 Olympi
970 2350 1477 2429 deformationi,
1540 2352 1610 2416 in
1669 2356 1834 2416 Pace
1887 2351 2266 2438 praesertim
2341 2356 2548 2438 atque
2605 2352 2678 2417 in

648 2464 917 2540 AvibuS,
956 2458 1127 2524 nihil
1160 2456 1346 2524 aliud
1374 2458 1600 2526 inesse
1627 2458 2104 2544 volunt.quam
2133 2457 2419 2524 liberam
2461 2458 2674 2544 tragi-

642 2587 879 2635 corum
908 2566 1391 2656 epicorumque
1414 2576 1714 2655 παρῳδίαν,
1751 2566 1898 2632 sine
1924 2564 2060 2631 ulla
2081 2570 2302 2653 poetae
2323 2566 2679 2633 voluntate

644 2674 811 2742 deos
841 2680 959 2741 aut
998 2692 1185 2741 sacra
1218 2674 1431 2761 patria
1461 2672 1844 2741 lacessendi
1882 2677 1930 2739 2.
1971 2672 2162 2749 Quod
2207 2674 2350 2760 jam
2387 2672 2675 2741 secundi

640 2788 887 2847 Avium
917 2780 1303 2877 argumenti
1343 2786 1577 2847 auctor
1623 2780 2047 2848 intellexisse
2088 2779 2278 2847 visus
2319 2787 2425 2849 est
2465 2786 2676 2867 atque

639 2888 733 2954 ita
771 2889 1087 2977 eXpOSUlb
1128 2911 1140 2952 Ζ
1180 2902 1322 2963 Τινὲς
1367 2898 1421 2955 δέ
1447 2920 1575 2975 φασι
1603 2901 1693 2955 τὸν
1731 2905 1949 2961 ποιητὴν
1986 2902 2085 2963 τὰς
2113 2902 2162 2955 ἐν
2194 2909 2316 2963 ταῖς
2349 2898 2675 2977 τραγῳδίαις

639 3008 1008 3086 τερατολογίας
1043 3010 1092 3061 ἐν
1122 3009 1211 3083 μὲν
1254 3003 1430 3070 ἄλλοις
1464 3005 1764 3082 διελέγχειν,
1804 3011 1852 3062 ἐν
1884 3006 1938 3063 δὲ
1965 3016 2077 3070 τοῖς
2104 3014 2197 3063 νῦν
2240 3012 2334 3067 τήν
2363 3016 2459 3071 τῆς
2491 3028 2677 3082 γιγαν-

634 3118 906 3193 τομαχίας
957 3116 1262 3191 συμπλοκήν
1306 3114 1459 3170 ἕωλον
1518 3117 1815 3189 ἀποφαίνων
1872 3112 2074 3192 ὄρνισιν
2127 3112 2282 3171 ἔδωκε
2338 3112 2672 3191 διαφέρεσθαι

634 3225 769 3301 πρὸς
803 3226 946 3287 θεοὺς
974 3226 1089 3299 περὶ
1124 3231 1221 3286 τῆς
1256 3224 1433 3300 ἀρχῆς
1466 3222 1517 3275 3.
1556 3210 1705 3275 Non
1750 3209 1945 3276 aliter
1994 3210 2256 3297 Trygaei
2303 3208 2388 3275 ad
2431 3210 2669 3296 Olym-

635 3340 801 3407 pum
830 3319 957 3385 iter
990 3324 1059 3384 et
1088 3338 1244 3404 quae
1275 3316 1438 3383 inde
1474 3322 1859 3403 sequuntur
1878 3315 2160 3394 facetiae,
2201 3336 2341 3382 non
2362 3315 2531 3383 deos
2561 3316 2669 3405 ip-

636 3446 751 3492 sos
790 3428 1056 3513 petunt,
1093 3424 1213 3491 sed
1240 3426 1776 3507 Bellerophonta,
1831 3422 2172 3511 Euripidis
2229 3416 2665 3510 tragoediam,

634 3533 829 3620 cujus
860 3532 927 3597 in
962 3532 1245 3619 prologo
1281 3538 1630 3598 narratum
1661 3530 1875 3597 fuisse
1931 3538 2232 3617 apparet,
2267 3528 2551 3597 heroem
2594 3528 2667 3595 in

630 3638 965 3727 aligerum
1006 3640 1340 3725 Pegasum
1387 3636 1780 3705 ascendisse
1833 3641 1906 3702 ut
1958 3637 2027 3702 in
2064 3636 2318 3703 coe-lum
2369 3634 2454 3702 acl
2495 3634 2669 3703 deos

633 3745 936 3815 evolaret
972 3745 1024 3810 4.
1066 3744 1189 3820 Qui
1231 3764 1386 3811 cum
1426 3743 1750 3809 inductus
1793 3741 1922 3809 fuit
1969 3742 2039 3808 in
2093 3761 2370 3811 scenam
2421 3762 2665 3831 super-

692 3960 709 3993 1
748 3964 939 4016 RAmzu,
972 3959 1218 4017 Aristoph.
1256 3960 1364 4020 vit„
1401 3958 1427 4019 ἓ
1457 3962 1503 4005 9.

689 4040 713 4074 2
745 4044 801 4088 lu
830 4041 1004 4100 primis
1026 4040 1323 4094 ‘BOE‘rrmam
1354 4037 1604 4097 Aristoph.
1635 4038 1910 4095 impunitus
1939 4036 2142 4085 deorum
2170 4035 2424 4095 qentilium
2447 4037 2664 4085 irrisor.

688 4120 711 4153 ³
744 4122 885 4179 Apud
918 4123 1107 4176 Rama,
1138 4133 1217 4179 op.
1248 4120 1353 4176 cit.‚
1383 4118 1407 4179 ἕ
1439 4122 1485 4175 9,
1517 4120 1611 4165 sub
1635 4118 1753 4165 fine.

688 4201 709 4234 ⁴
750 4202 802 4249 V.
838 4201 1035 4257 Senon,
1062 4198 1309 4262 Aristoma.
1340 4198 1475 4257 Aah„
1504 4198 1612 4245 426.
1645 4202 1778 4255 Pac.,
1813 4198 1916 4255 146,
1948 4201 2024 4256 76,
2060 4200 2158 4245 135.
2197 4200 2342 4258 Ram,
2375 4201 2484 4256 870,
2523 4202 2665 4247 1051.
