3167 5125
1226 536 1510 589 ..39-

352 659 420 727 in
461 650 688 745 Raptis
735 660 1036 727 Thracia}
1089 661 1401 748 Cottytus
1451 660 1641 750 orgia
1680 658 2003 741 traduxit,
2054 658 2383 728 Alcibiadi

350 766 422 834 in
454 766 684 835 fabula
727 766 1084 868 praecipuis
1111 766 1477 856 assignatis
1513 765 1849 857 partibus,
1884 786 2089 855 quem
2140 766 2382 835 secreti

353 982 852 1071 peritissimum
891 985 941 1049 ¹.

441 1088 633 1155 Idem
677 1088 1158 1177 Aristophanis
1197 1084 1268 1155 in
1293 1094 1737 1161 Lemniarum
1774 1086 2128 1177 deperdita
2155 1087 2384 1155 fabula

355 1196 801 1285 propositum,
836 1196 980 1265 sive
1011 1194 1197 1283 quod
1236 1182 1694 1264 Athenienses
1726 1215 1765 1262 a
1794 1194 2020 1283 pravis
2059 1194 2382 1263 diducere

353 1302 800 1391 religionibus
850 1302 1082 1382 vellet,
1128 1303 1274 1370 sive
1327 1307 1595 1369 tantum
1641 1301 1799 1390 quia
1843 1321 1925 1369 ex
1973 1306 2380 1390 argumento

351 1428 470 1499 per
489 1428 564 1476 se
582 1408 868 1488 ridiculo
890 1410 1220 1476 comicam
1241 1428 1436 1477 suam
1460 1408 1847 1476 facundiam
1875 1413 2292 1476 sustentaret
2324 1412 2376 1475 ².

353 1516 710 1595 Quomodo
741 1517 813 1583 in
844 1516 1245 1595 Bendidem,
1266 1516 1645 1584 Threiciam
1668 1513 2036 1603 quamdam
2068 1514 2376 1593 Dianam,

354 1624 715 1713 orgiastico
751 1624 938 1691 cultu
984 1622 1416 1706 celebratam,
1466 1624 1779 1690 invectus
1822 1614 1909 1689 sit
1929 1640 2168 1710 parum
2192 1641 2381 1689 com-

352 1736 650 1821 pertum.
688 1731 1009 1821 Superest
1041 1731 1223 1798 inter
1250 1750 1462 1819 pauca
1491 1730 1898 1819 fragmenta,
1940 1749 2151 1796 sensu
2192 1729 2380 1796 omni

352 1837 704 1917 destituta,
743 1858 986 1907 versus
1021 1838 1137 1905 ille
1176 1858 1312 1925 quo
1359 1837 1790 1926 peregrinam
1821 1835 2021 1903 deam
2054 1835 2138 1902 ab
2173 1835 2379 1904 Athe-

352 1946 709 2015 niensibus
744 1952 1087 2035 receptam
1119 1945 1486 2035 significari
1525 1943 1749 2023 docet,
1795 1944 1911 2031 qui
1942 1942 2195 2011 deinde
2220 1962 2379 2032 pro-

351 2053 568 2121 verbii
599 2054 747 2122 loco
780 2053 1002 2121 dictus
1032 2057 1136 2121 est
1165 2052 1250 2120 de
1281 2052 1362 2119 iis
1391 2064 1544 2140 quae
1573 2051 1647 2118 in
1678 2051 1941 2119 honore
1973 2056 2135 2117 sunt
2164 2072 2178 2113 ε

587 2266 696 2323 Ἠν
729 2264 1024 2340 κρατίστην
1053 2257 1286 2338 δαίμον’,
1320 2258 1383 2324 ἦς
1410 2266 1504 2349 ⁹²⁹³?
1535 2258 1722 2337 θερμός
1750 2255 1890 2315 ἐσθἐἷ
1922 2258 2122 2336 βωμός.

435 2489 909 2557 Samothraces
959 2490 1417 2579 Lemniosque
1443 2488 1644 2557 deam
1678 2486 2048 2578 quamdam
2084 2486 2379 2555 coluisse

346 2599 618 2666 Hecatae
633 2602 838 2685 atque
855 2597 1082 2666 Dianae
1097 2599 1198 2684 (ea
1215 2618 1515 2686 namque
1531 2596 1781 2666 Bendis
1796 2593 2181 2686 putabatur)
2198 2595 2381 2662 simi-

345 2706 481 2774 lem
516 2725 742 2793 neque
781 2703 1125 2773 diversam
1150 2725 1187 2771 a
1221 2705 1647 2794 Proserpina,
1688 2704 1774 2772 de
1812 2722 1946 2792 qua
1979 2704 2123 2792 jam
2164 2703 2380 2772 Hero-

281 2891 288 2900 ·
345 2809 549 2879 dotus
581 2811 796 2878 multa
827 2812 1178 2879 audiverat
1213 2816 1264 2892 3,
1302 2811 1801 2880 demonstravit
1826 2810 2231 2878 LobeckiuS.

435 2919 513 2986 In
545 2922 880 2984 Horarum
914 2918 1167 3000 fabula,
1198 2921 1392 3010 qu‘us
1419 2921 1687 2987 minuta
1711 2917 2382 3014 tantum-fragmenta

345 3032 739 3116 supersunt,
778 3027 1078 3095 Minerva
1109 3027 1278 3116 ipsa,
1313 3026 1736 3094 Atheniense
1775 3043 2061 3104 numen,
2102 3025 2383 3092 incessit

344 3138 412 3202 et
467 3131 798 3200 adversus
853 3131 1228 3215 Sabazium,
1304 3132 1675 3200 Asiaticum
1743 3131 1977 3210 deum,
2028 3151 2166 3198 non
2232 3131 2381 3198 sine

342 3239 545 3308 laude
591 3245 796 3327 atque
845 3239 1206 3329 majestate
1257 3239 1574 3306 aemulata
1626 3244 1755 3318 est,
1809 3241 2015 3326 quem
2056 3236 2187 3304 sub
2240 3236 2380 3304 fine

344 3345 582 3412 Atticis
614 3346 812 3434 ejecit
843 3344 1121 3413 finibus.
1164 3346 1366 3413 Nulla
1397 3367 1524 3414 nos
1576 3343 1916 3413 comoedia
1955 3343 2202 3412 melius
2252 3342 2379 3410 do-

345 3472 495 3520 cere
544 3452 908 3541 potuisset,
970 3453 1319 3540 quomodo
1369 3453 1629 3522 comice
1668 3453 1849 3520 int⁴er
1894 3450 2287 3520 veneranda
2342 3471 2383 3520 a

404 3728 424 3764 ¹
459 3733 696 3786 Hastam,
748 3732 812 3778 ad
851 3732 988 3780 verb.
1029 3730 1280 3780 Κοττύτω.
1323 3733 1520 3788 Senon„
1555 3729 1780 3792 Apollon.
1824 3729 1995 3788 ahod„
2030 3729 2110 3786 IV,
2163 3726 2267 3776 144.
2294 3727 2383 3774 Lo-

341 3823 484 3866 mzcx,
508 3808 766 3870 Aylaoph„
798 3814 935 3860 1007.
971 3811 1042 3860 Cf.
1077 3813 1280 3868 Juvmz„
1313 3813 1372 3869 11,
1409 3815 1484 3859 92.
1513 3812 1627 3860 vid.
1670 3813 1817 3860 etiam
1844 3814 1931 3859 Tu.
1959 3812 2114 3866 Kocx,
2148 3809 2214 3856 ad
2248 3807 2381 3854 Aric-

344 3889 476 3950 toph.
507 3891 640 3947 Aves,
667 3903 719 3938 v,
753 3893 863 3938 287.

404 3968 429 4002 ²
463 3971 756 4027 Ams'roru„
789 3971 1012 4030 Fraym..
1043 3985 1094 4031 p.
1123 3971 1233 4030 4913
1274 3973 1334 4020 de
1364 3972 1598 4029 Bendidc,
1637 3973 1742 4020 vid.
1771 3974 2009 4028 nuncu„
2041 3985 2091 4018 v,
2129 3969 2379 4032 Δίλογχος,

342 4048 581 4112 Ἀδμήτου
611 4049 756 4114 κόρη,
783 4050 965 4112 μεγάλη
998 4051 1122 4108 θεὸς.
1157 4052 1231 4100 Cf.
1261 4053 1492 4110 Lonmx„
1519 4065 1601 4112 op.
1638 4053 1743 4110 cit„
1792 4055 1901 4109 500,
1930 4050 2067 4103 1214.

406 4125 430 4161 ³
467 4133 746 4188 Hznono‘r„
777 4131 838 4187 ΙΙ,
869 4133 942 4178 51.

405 4209 430 4249 ⁴
465 4214 736 4268 Amsrorm
761 4212 982 4275 Fraym„
1017 4214 1102 4263 511
1137 4215 1184 4260 ct
1212 4225 1314 4276 seq.
