3167 5125
1285 518 1617 619 <⁷²⁰⁹-

415 637 542 713 'eie
565 638 852 728 abrepti,
881 645 951 709 et
983 640 1345 727 bominum
1377 662 1656 711 cursum
1694 642 2011 733 impediri
2048 661 2253 733 posse
2290 644 2462 733 quin

439 745 528 819 ad·
550 764 727 815 nova
792 746 930 815 fata
978 755 1447 837 properarent,
1497 749 2083 837 confisa-infestis
2139 734 2355 840 signis
2388 752 2460 819 in

439 860 806 924 novatores
875 854 1359 943 procedebant.
1409 856 1486 923 In
1563 856 1752 924 hunc
1812 856 2331 947 AristophaneS,
2390 865 2467 941 ut

437 961 599 1029 boni
648 961 816 1029 civis
873 968 942 1030 et
995 960 1082 1029 de
1139 962 1354 1051 patria
1411 962 1685 1033 solliciti
1738 968 2088 1052 praestaret
2132 963 2455 1042 officium,

437 1088 650 1157 quum
683 1068 940 1137 comica
969 1067 1288 1137 facundia
1329 1067 1756 1137 saeviendum
1798 1074 2090 1157 putaret,
2127 1090 2209 1139 ex
2245 1090 2326 1139 eo
2358 1077 2463 1138 te-

437 1174 663 1244 lorum
707 1174 972 1263 copiam
1023 1175 1218 1263 petiit
1259 1174 1785 1263 amplissimam,-
1830 1176 2016 1264 quod
2060 1178 2465 1265 sapientiam

437 1300 714 1360 novam,
749 1281 1033 1349 liberius
1059 1280 1146 1349 de
1175 1280 1432 1349 divinis
1471 1282 1931 1371 humanisque
1968 1272 2449 1367 disserentem,

440 1387 929 1477 tragoediarum
951 1388 1497 1457 accommoda-vit
1530 1390 1744 1478 operi.

525 1494 672 1563 Jam
705 1502 971 1565 veteres
1013 1494 1436 1563 adnotarunt
1489 1497 2001 1567 aemulationem
2049 1499 2212 1565 artis
2261 1504 2465 1586 atque

435 1608 780 1671 certamen
828 1622 950 1691 pro
999 1622 1252 1671 corona
1309 1603 1695 1691 necessario
1740 1598 2253 1693 quodammodo
2288 1606 2466 1674 inter

437 1708 828 1797 Euripidem
879 1710 1546 1798 Aristophanemque
1596 1710 1967 1780 extiturum
2017 1710 2231 1779 fuisse
2268 1716 2331 1790 ¹;
2388 1712 2464 1797 in

440 1815 606 1883 urbe
636 1817 1014 1905 praesertim
1051 1816 1169 1884 ubi
1220 1816 1579 1886 theatralia
1638 1818 1899 1887 ludicra
1951 1840 2109 1887 cum
2138 1802 2462 1897 ⁸civilium

433 1943 667 1993 rerum
707 1922 934 1992 studio
966 1923 1428 2001 cohaerebant,
1467 1932 1534 1993 et
1590 1930 1807 2013 poetae
1854 1925 1941 1993 in.
1978 1912 2229 1993 fabulis
2276 1925 2463 1992 haud

435 2049 636 2105 secus
663 2036 870 2117 atque
898 2035 1206 2098 oratores
1245 2031 1315 2097 in
1345 2031 1701 2117 concione,
1732 2031 1818 2099 de
1848 2024 2136 2121 imperio
2177 2052 2314 2099 non
2344 2033 2479 2098 mi·-

439 2158 568 2205 nus
597 2156 805 2226 quam
841 2135 928 2205 de
957 2136 1138 2205 fama
1159 2136 1571 2207 videbantur
1594 2137 1939 2207 dimicare.
1972 2138 2465 2227 Aristophanes

436 2244 606 2311 nulli
647 2244 864 2333 ipsius
894 2244 1112 2311 aetatis
1137 2250 1352 2332 poeta>
1369 2247 1701 2333 pepercit,
1730 2252 1798 2313 et
1822 2246 2229 2335 Sophoclem
2257 2266 2461 2334 quem

437 2356 788 2419 mortuum
829 2349 1228 2419 laudaturus
1267 2357 1436 2430 erat,
1486 2352 1715 2418 vivum
1745 2351 1971 2419 adhuc
2022 2352 2205 2418 haud
2248 2352 2462 2420 semel

421 2457 608 2527 laesit
665 2457 991 2535 conviciis
1045 2462 1096 2523 2.
1164 2456 1340 2525 Illud
1389 2463 1658 2527 =tamen
1736 2459 2069 2547 praecipue
2151 2466 2460 2525 nostrum

435 2565 776 2632 concitare
803 2566 872 2632 in
913 2565 1306 2654 Euripidem
1353 2567 1550 2653 eique
1584 2564 1795 2632 bilem
1830 2585 2106 2633 movere
2137 2565 2455 2643 debebat,

427 2671 962 2760 .quod·nonnulli
983 2674 1124 2760 jam
1151 2672 1342 2740 illum
1368 2674 1475 2740 vel
1496 2673 1565 2739 in
1598 2679 1742 2742 arte
1764 2673 2026 2740 comica
2052 2658 2283 2760 tragici
2309 2692 2461 2739 esse

435 2779 847 2846 imitatorem
901 2783 1109 2864 atque
1175 2779 1528 2856 aemulum,
1570 2777 1841 2845 ludibrii
1890 2797 2116 2858 causa,
2174 2777 2463 2846 affirma-

435 2886 623 2965 bant,
661 2885 730 2952 in
771 2884 1003 2972 lyricis
1034 2887 1409 2973 praesertim
1459 2885 1847 2952 fabularum
1880 2885 2185 2973 partibus
2218 2890 2272 2951 3.
2314 2886 2459 2954 Cra-

438 2993 624 3060 tinus
680 2992 750 3060 in
795 2993 1033 3081 primis
1095 2997 1330 3060 nostro
1387 2991 1659 3082 objecit,
1712 2990 1898 3078 quod
1946 2992 2327 3060 sententias
2374 2990 2462 3057 ab

435 3098 787 3187 Eupolide,
824 3099 1084 3186 stylum
1113 3098 1200 3167 ab
1231 3099 1549 3188 Euripide
1606 3105 2071 3178 mutu-aretum
2130 3106 2198 3167 et
2232 3100 2459 3167 virum

435 3205 827 3286 subtiliores
884 3226 1104 3296 nugas
1133 3213 1542 3294 captantem,
1583 3215 2298 3294 εὐριπιδαριστοφανεζοντα,
2339 3227 2459 3295 ap-

421 3312 736 3402 pellavit.
767 3310 832 3380 Is
859 3319 1006 3383 erat
1037 3313 1377 3402 Euripidis
1407 3313 1589 3403 apud
1632 3314 2091 3382 Athenienses
2136 3314 2351 3393 favor,
2384 3320 2461 3381 ut

428 3420 581 3507 jure
613 3438 695 3487 ex
725 3419 838 3486 his
877 3425 1084 3508 atque
1128 3418 1380 3487 talibus
1417 3419 1867 3488 dissimulatae
1906 3420 2306 3490 imitationis
2335 3407 2461 3488 ori-

415 3525 764 3606 ,minibus,
797 3525 1292 3616 Aristophanes
1323 3526 1524 3596 famae
1561 3547 1703 3594 suae
1743 3526 1965 3617 potuit
1991 3535 2299 3597 metuere
2312 3553 2330 3612 ;
2365 3529 2459 3596 ita

413 3637 507 3710 ‘ut
529 3630 616 3698 ad
645 3632 1038 3721 Euripidem
1071 3631 1464 3702 vexandum
1497 3654 1637 3708 non
1670 3634 2025 3705 communi
2065 3641 2331 3703 tanturn
2365 3637 2455 3704 ci-

413 3739 662 3822 ‚vitatis
693 3759 896 3808 causa
934 3739 1073 3830 sed·
1095 3745 1390 3830 propriae
1428 3740 1740 3810 utilitatis
1797 3741 2025 3832 specie
2076 3743 2457 3811 concitatus

395 3937 408 3950 ‘
492 3951 510 3985 ¹
544 3954 708 4012 κηλῶν
738 3952 789 4002 δὲ
817 3953 1080 4015 Εὐριπίδην
1109 3954 1278 4016 scribit
1303 3954 1364 4001 de
1394 3955 1846 4014 Aristoph.scn01„
1874 3958 2020 4003 run.
2050 3956 2155 4017 (υει.
2189 3956 2453 4017 aristoph.)

429 4031 562 4092 apud
595 4031 843 4090 Mamurra,
869 4034 907 4090 1,
943 4035 1051 4080 536.

485 4108 512 4144 ²
541 4111 1207 4173 Aristophanes-Sophoclem
1237 4113 1504 4162 lacessivit.
1549 4117 1687 4170 Pac„
1718 4117 1825 4164 697.
1843 4118 1957 4170 Au„
1994 4119 2098 4164 100.
2344 4167 2349 4174 ‚

435 4241 440 4246 ,
489 4191 514 4226 ⁸
547 4194 745 4254 Senot„
777 4193 1018 4252 Aristoma.
1039 4196 1236 4256 'Equiffi
1266 4197 1372 4242 528.
1405 4193 1474 4242 ut.
1511 4195 1709 4258 Senon,
1746 4194 1893 4252 Μαι,
1925 4210 1973 4254 p.
2004 4199 2111 4242 330.
2142 4196 2359 4256 Brxxan,
