3167 5125
1283 487 1561 541 -87-

407 612 963 704 monstrabimus»,
1002 612 1072 677 in
1111 611 1681 700 philosophorum
1734 620 1973 697 castra,
2008 612 2287 700 abjectis
2316 632 2436 680 ve-

405 719 664 786 teribus
693 717 924 796 armiS,
962 717 1252 784 transire
1292 723 1359 784 et
1404 725 1638 805 aperte
1688 718 2017 786 adversus
2084 718 2434 805 antiquam

406 825 800 912 religionem
844 824 1134 912 grassari
1187 823 1502 902 videtur;
1553 831 1629 892 ut
1671 826 1726 891 si
1776 824 1927 912 quis
1974 823 2058 890 ab
2103 829 2433 907 Equitum

402 933 694 1000 lectione
727 950 879 998 sese
909 929 993 996 ad
1024 930 1198 996 hanc
1228 929 1530 997 fabulam
1557 931 1883 1014 conferat,
1905 931 2095 998 velut
2132 930 2202 996 in
2229 930 2429 997 aliam

403 1058 592 1107 oram
652 1037 924 1104 delatus
953 1036 1061 1104 vix
1107 1036 1302 1103 illum
1350 1038 1880 1125 Aristophanem
1926 1056 2298 1125 agnoscere
2357 1056 2431 1103 se

404 1151 616 1235 putet,
661 1146 777 1234 qui
807 1165 882 1212 se

1612 1329 1676 1395 τῇ
1706 1318 1852 1376 πόλει

702 1425 908 1492 Προῖκα
931 1420 1175 1490 ’γενναίως
1207 1419 1418 1491 ἀμύνειν
1457 1421 1545 1472 καὶ
1578 1421 1711 1479 θεοῖς
1738 1419 2014 1492 ἐγχωρίοις
2054 1416 2073 1459 1

403 1644 729 1732 gloriatur
780 1650 848 1710 et
895 1664 1146 1730 aegram
1195 1664 1476 1711 omnem
1522 1644 2059 1712 sollicitudinem
2113 1665 2149 1710 a
2204 1651 2431 1712 mente

403 1755 733 1818 removet.
768 1751 917 1816 Non
942 1751 1082 1837 jam
1106 1750 1175 1846 in
1202 1750 1402 1838 plena
1434 1750 1887 1837 laetaqueluce
1904 1772 2014 1819 ars
2034 1752 2291 1818 comica
2316 1751 2436 1818 flo-

403 1857 625 1936 rescit,
659 1856 780 1923 sed
824 1862 1146 1944 tanquam
1188 1857 1258 1921 in
1289 1876 1444 1924 aere
1473 1856 1688 1925 denso
1723 1864 1790 1925 et
1838 1857 2177 1937 morbidO,
2229 1858 2429 1945 spiri-

401 1968 549 2031 tum
577 1963 785 2029 trahit
829 1964 1275 2051 languentem
1326 1970 1650 2052 metuque
1719 1964 1929 2031 futuri
1999 1984 2427 2052 oppressum.

402 2073 635 2157 Neque
670 2070 914 2158 injuria
953 2095 965 2134 ε
1004 2090 1235 2137 nonne
1267 2078 1465 2159 poeta
1496 2071 1667 2138 vidit
1706 2070 2089 2140 libertatem
2135 2071 2433 2138 exstinc-

404 2184 566 2256 tam,
598 2184 832 2259 λιπαρὰς
884 2176 1033 2243 illas
1076 2177 1381 2245 Athenas
1428 2199 1598 2265 quas
1666 2184 1853 2246 tanto
1902 2177 2439 2267 prosequebatur

403 2305 634 2352 amore
670 2283 942 2372 fastigio
968 2284 1200 2372 gloriae
1231 2287 1727 2373 potestatisque
1758 2306 2053 2365 eversaS,
2092 2287 2435 2353 Socratem

404 2392 599 2479 cujus
653 2391 871 2456 serius
944 2391 1225 2477 agnovit
1291 2392 1696 2478 sapientiam
1776 2391 2280 2478 amicitiamque
2334 2397 2440 2458 est

405 2499 714 2578 meritus,
756 2495 1028 2586 publico
1062 2498 1549 2586 interemptum
1578 2497 1836 2586 judicio
1868 2496 2052 2584 quod
2080 2498 2227 2585 ipse
2253 2496 2437 2564 vide—

402 2607 599 2673 batur
632 2607 1100 2694 suggessisse;
1171 2606 1744 2694 philosophorum
1789 2626 2029 2694 graves
2091 2604 2436 2672 doctrinas

405 2712 716 2801 turpibus
762 2717 1054 2779 mutatas
1095 2713 1726 2801 superstitionihuS,
1783 2713 2193 2781 comoediam
2243 2711 2427 2779 deni·

404 2841 537 2908 que
562 2820 836 2908 proprio
868 2818 1174 2886 orbatam
1217 2820 1480 2888 honore
1506 2829 1572 2889 et
1630 2821 1931 2890 civilium
1964 2842 2215 2904 rerum,
2253 2819 2437 2888 unde

404 2927 769 2993 maximam
802 2926 1003 2992 famae
1032 2947 1173 2994 suae
1224 2934 1484 3014 partem
1530 2927 1839 3006 duxerat,
1885 2948 2170 2995 censura
2200 2929 2435 2995 exclu-
2510 2983 2517 2986 .

407 3033 805 3111 sam?Quid
847 3036 1095 3099 mirum
1163 3035 1243 3112 si,
1304 3035 1576 3102 fortuna
1637 3040 1947 3103 vertente
1992 3042 2060 3104 et
2117 3035 2439 3102 omnibus
2501 3091 2513 3095 -

406 3142 563 3208 vitae
590 3141 656 3207 in
722 3142 920 3229 pejus
960 3137 1336 3207 desidentis
1385 3140 1919 3220 conditionibus,
1967 3139 2439 3227 Aristophanis
2512 3181 2516 3186 -

405 3247 759 3335 ingenium
789 3245 1177 3313 necessitati
1209 3267 1436 3313 rerum
1461 3248 1895 3328 concesserit,
1924 3253 1990 3314 et
2017 3267 2056 3313 a
2087 3247 2307 3334 priore
2331 3246 2439 3312 via
2507 3271 2515 3311 ς

405 3353 761 3422 deflexerit
794 3357 870 3419 2?
1118 3358 1127 3364 ’

491 3461 663 3529 Huic
703 3461 1042 3548 praeclarae
1073 3462 1628 3528 commentationi
1658 3461 1831 3528 nihil
1857 3461 2077 3528 habeo
2102 3459 2288 3549 quod
2322 3461 2435 3528 ob·
2509 3524 2512 3526 ,

398 3556 653 3660 jiciam,
689 3574 758 3635 et
804 3568 1032 3656 potius
1063 3567 1261 3635 novis
1287 3566 1463 3634 infra
1511 3568 1957 3656 comprobare
1990 3569 2197 3636 velim
2241 3589 2439 3656 argu-

406 3676 658 3767 mentis
683 3694 834 3742 eam
860 3695 1066 3763 quam
1104 3673 1510 3762 impugnare
1535 3676 1914 3742 contrariis.
1961 3677 2173 3752 Quam
2202 3683 2436 3743 tamen

407 3786 676 3872 oportet
716 3800 754 3847 a
801 3780 1292 3870 Naegelsbachii
1339 3781 1869 3870 Aristophanem
1926 3781 2439 3871 interpretantis

465 4004 488 4039 ¹
524 4006 566 4052 E
631 4004 686 4051 it.
746 4004 854 4050 577.

467 4083 491 4117 ²
524 4016 672 4132 pffia
700 4039 791 4131 'hic
830 4084 892 4130 ad
931 4084 1225 4130 sententiam
1266 4084 1442 4130 Kockii
1487 4086 1773 4132 addidimus
1806 4087 2115 4144 argumenta,
2154 4083 2242 4131 sed
2276 4085 2344 4130 ita
2387 4087 2442 4129 ut

408 4178 570 4225 neque
599 4177 773 4224 urgere
803 4176 964 4222 noque
989 4166 1258 4210 extenuare
1285 4176 1394 4210 earn
1426 4164 1725 4211 videremur.
