3167 5125
1257 524 1543 579 ..45-

384 654 539 721 bitis
567 650 908 719 abstinuit
947 649 1468 738 Aristophanes,
1513 648 1611 718 De
1638 649 2147 717 immortalitate
2186 654 2229 733 ¹,
2260 651 2411 737 jus-

383 762 547 839 titia,
573 749 1162 844 sanctitate,'quas
1187 757 1477 825 virtutes
1495 756 1801 843 theologi
1832 756 1975 823 suis
2012 755 2413 823 numinibus

383 868 794 943 tribuerunt,
836 871 912 931 ut
941 882 1150 952 supra
1183 863 1556 929 humanam
1612 862 2075 931 conditionem
2122 864 2413 930 colloca-

383 980 640 1055 rentur,
716 970 1004 1038 ridicula
1064 970 1281 1036 multa
1341 971 1603 1049 emisit3
1682 970 2121 1057 negationem
2196 972 2413 1059 ipsam

383 1084 674 1151 deorum
706 1085 825 1146 aut
877 1075 1161 1167 impiam
1207 1083 1389 1144 certe
1431 1076 1933 1144 dubitationem
1972 1077 2158 1143 haud
2200 1078 2415 1145 semel

383 1190 642 1258 comice
659 1186 1019 1255 exornavit
1053 1188 1106 1263 2,
1129 1189 1206 1249 ut
1223 1190 1566 1249 constaret
1588 1184 1877 1271 posteris
1893 1182 2417 1253 Atheniensium

383 1296 771 1386 quotidiani
797 1293 1142 1380 sermonis
1179 1292 1552 1379 imaginem
1583 1291 1657 1356 in
1690 1290 1799 1357 his
1836 1311 1989 1359 esse
2021 1310 2416 1379 expressam

385 1410 452 1474 et
489 1404 854 1491 vulgarem
895 1398 1114 1467 fuisse
1156 1397 1552 1486 opinionem
1582 1397 1771 1464 illam
1798 1397 1871 1463 in
1896 1398 2209 1478 civitate,
2249 1398 2417 1467 deos

388 1532 634 1601 parum
671 1527 951 1577 curasse
989 1504 1155 1593 quid
1185 1504 1274 1571 de
1305 1522 1382 1571 se
1421 1503 1739 1571 homines
1784 1504 2141 1573 sentirent.
2178 1506 2417 1574 Licen-

386 1621 552 1687 tiam
597 1618 787 1683 illam
839 1615 926 1682 de
965 1612 1220 1681 divinis
1267 1609 1593 1679 omnibus
1622 1612 1967 1699 jocantem
2008 1618 2075 1679 et
2112 1612 2421 1681 alacriter

387 1727 455 1793 in
489 1723 1022 1793 delectationem
1078 1718 1269 1807 vulgi
1321 1722 1706 1785 vertentem
1755 1717 2088 1806 quidquid
2126 1721 2413 1801 occasio,

387 1838 878 1923 argumentum
934 1827 1208 1906 fabulae,
1264 1845 1460 1892 mens
1505 1824 1719 1892 libere
1755 1845 1877 1912 per
1921 1845 2145 1893 sacras
2194 1828 2419 1915 profa-

391 1958 658 2027 nasque
702 1958 812 2005 res
845 1952 1146 2023 evagans
1194 1931 1520 2020 suggerit,
1561 1932 1805 2019 jamin
1835 1936 2187 2016 Equitt‘bus
2217 1955 2423 2024 supra

391 2043 1022 2135 deprehendimus;
1059 2048 1128 2108 et
1157 2039 1290 2105 alio
1321 2038 1472 2106 loco
1493 2036 1579 2104 de
1612 2042 1925 2119 Nubibus,
1950 2041 2145 2129 cujus
2172 2040 2422 2108 fabulae

392 2170 670 2219 summa
711 2149 798 2217 ad
828 2149 1128 2236 antiquae
1170 2146 1516 2234 religionis
1547 2153 1615 2213 et
1655 2145 2033 2233 disciplinae
2078 2147 2421 2215 defensio·
2495 2222 2506 2231 ‚

393 2280 555 2327 nem
595 2258 842 2337 tendit,
878 2254 1298 2322 notabimus
1345 2254 1507 2318 Eam
1547 2238 1775 2321 tamen
1816 2272 1896 2320 eo
1938 2254 2166 2320 minus
2195 2254 2425 2321 licebit

392 2368 680 2456 impiam
713 2380 980 2441 vocare,
1026 2356 1210 2449 quod
1248 2355 1498 2427 fabulae
1529 2358 1663 2425 illae
1694 2360 1957 2446 spirim,
1988 2369 2418 2447 argumente,

395 2475 584 2543 haud
616 2471 831 2541 semel
863 2468 1216 2539 enuntiata
1244 2470 1461 2555 poetae
1487 2464 1933 2553 professione,
1980 2467 2212 2554 patriae
2244 2469 2427 2533 auxi-

393 2586 655 2650 liantur
707 2577 1038 2646 institutis
1093 2581 1161 2642 et
1211 2574 1572 2663 gentilium
1634 2572 1921 2640 deorum
1972 2573 2424 2661 patrocinium

397 2689 784 2777 suscipiunt
818 2690 869 2751 3.

483 2793 892 2863 Deliberatae
940 2789 1310 2879 impietatis
1362 2789 1651 2877 vestigia
1720 2795 2083 2855 occurrunt
2140 2788 2213 2854 in
2258 2791 2427 2853 Pace

397 2904 723 2992 primum,
761 2899 882 2968 sed
915 2899 1008 2965 ita
1031 2904 1108 2963 ut
1139 2896 1412 2984 tragicae
1437 2903 1642 2983 atque
1672 2889 1879 2984 epicae
1920 2904 2191 2984 παρῳδίας
2224 2915 2426 2962 excu-

400 3013 691 3088 satione,
729 3006 1032 3075 convicia
1072 3006 1141 3070 in
1187 3002 1352 3070 deos
1384 3004 1633 3091 jactata
1689 3002 1888 3068 sinon
1952 3001 2224 3090 purgari
2275 3022 2425 3067 om-

401 3115 564 3180 nino
605 3117 675 3179 at
715 3111 957 3178 saltem
1007 3109 1358 3178 extenuari
1414 3116 1697 3197 possent
1734 3109 1782 3173 4.
1834 3107 2156 3173 Dubitare
2196 3113 2426 3173 tamen

400 3221 558 3288 licet
613 3227 843 3285 utrum
903 3221 1124 3306 poeta,
1197 3218 1303 3306 pia
1365 3223 1597 3283 mente
1654 3214 2044 3293 instinctus,
2102 3212 2428 3302 jucundae

398 3325 735 3394 irrisionis
763 3323 998 3412 gratia,
1027 3345 1179 3392 cum
1205 3327 1395 3390 tanto
1422 3329 1815 3410 contemptu
1838 3319 1923 3388 de
1944 3319 2073 3386 diis
2100 3319 2430 3387 voluisset

399 3434 613 3523 loqui.
641 3433 705 3499 Si
739 3453 821 3499 ex
847 3431 1056 3498 altera
1087 3437 1276 3519 parte
1303 3428 1913 3496 animadvertimus
1931 3429 2071 3516 jam
2108 3427 2176 3493 in
2216 3429 2430 3510 Vespis

459 3709 478 3744 ¹
505 3713 614 3768 Au„
651 3707 786 3757 1224.
824 3710 968 3765 Ran„
997 3709 1106 3756 629.
1135 3705 1405 3763 Ecclesiam
1435 3710 1542 3756 779.
1579 3709 1841 3768 Tayeniat„
1882 3707 2059 3766 fragm.
2094 3706 2247 3768 (apud
2272 3707 2428 3765 Didot,

402 3791 528 3851 506).
565 3788 712 3845 Plut„
740 3789 942 3848 passim.
973 3788 1121 3844 Nub„
1153 3791 1290 3836 1080.
1315 3794 1423 3845 Av.⁹
1458 3791 1544 3835 566
1566 3793 1614 3835 et
1640 3801 1742 3847 seq.
1781 3791 1925 3845 Pax„
1954 3787 2062 3835 847.

460 3867 484 3901 ²
509 3869 688 3930 Equit„
725 3872 782 3916 30
809 3873 854 3915 et
883 3881 984 3927 seq.
1013 3867 1164 3924 Nub„
1199 3867 1288 3914 247
1315 3872 1361 3914 et
1382 3882 1506 3927 seq.,
1536 3872 1661 3924 366„
1682 3871 1791 3925 816,
1838 3871 1975 3916 1232.
2005 3869 2147 3928 Ram,
2180 3871 2287 3915 529.
2320 3869 2429 3926 Au,

404 3953 541 3997 1233.
579 3949 786 4005 Ibidem,
814 3951 879 3995 De
910 3949 1130 4008 Diaqora
1154 3948 1300 4008 ἀθέῳ,
1341 3951 1457 3995 1058
1484 3953 1531 3994 et
1558 3961 1659 4007 seq.

461 4027 486 4062 8
514 4027 694 4090 Ερμῆ,
732 4031 820 4076 577
850 4040 861 4070 =
923 4029 1116 4092 Προῒκα
1147 4027 1375 4088 γενναίως
1400 4028 1601 4090 ἀμύνειν
1626 4029 1707 4076 καὶ
1743 4028 1869 4083 θεοῖς
1898 4027 2169 4091 ἐγχωρίοις.

460 4107 618 4156 ⁴Vid.
656 4109 805 4156 infra.
853 4122 959 4168 cap.
1003 4109 1062 4156 11.
1117 4108 1188 4155 cf.
1231 4121 1330 4156 var<
1359 4121 1454 4158 nan
1487 4121 1647 4156 smus
1679 4109 2001 4162 Banurssm
2040 4109 2105 4154 De
2133 4106 2352 4154 Parodia
2375 4107 2429 4153 in

400 4190 637 4238 comoediis
660 4189 904 4249 Aristople.
