3167 5125
1331 485 1652 542 ..105-

1470 671 1626 726 Πάνυ
1669 671 1937 747 μανθάνω,

475 896 661 964 haud
698 918 899 966 secus
927 905 1131 988 atque
1160 897 1451 968 lectores
1488 899 1582 966 illi
1639 897 2236 979 confidentissimi,
2269 897 2388 988 qui
2419 919 2502 966 ex

475 1003 785 1072 obscuris
820 1003 1071 1074 libellis
1098 1006 1437 1074 solamina
1476 1005 1820 1096 requirere
1848 1010 1916 1073 et
1941 1006 2182 1076 inanes
2221 1023 2501 1096 pascere

476 1131 632 1200 spes
652 1111 991 1180 solebant.

566 1219 881 1286 Transitu
950 1226 1249 1308 peracte,
1310 1240 1656 1310 nusquam
1716 1225 2084 1288 occurrunt
2133 1220 2202 1286 in
2261 1220 2503 1288 itinere

476 1325 829 1416 parricida}
856 1345 1079 1414 neque
1126 1328 1405 1416 perjuri,
1446 1327 1532 1395 de
1575 1347 1868 1415 quorum
1915 1326 2269 1416 suppliciis
2309 1327 2504 1394 terri-

475 1433 599 1500 fica
632 1433 1573 1522 praenuntiaveratHeraeleS,
1612 1433 1865 1524 quibus
1891 1439 2121 1502 tamen
2153 1433 2495 1500 absonum

473 1537 800 1608 fuissetin
822 1538 1160 1611 comoedia
1181 1560 1537 1608 occurrere
1558 1564 1575 1620 ;
1613 1561 1754 1608 non
1776 1540 1993 1630 magis
2019 1559 2226 1627 quam
2250 1539 2499 1608 belluae

472 1652 677 1734 atq-ue
744 1653 1051 1714 monstra
1121 1667 1275 1734 quae
1346 1653 1611 1714 tantum
1665 1647 2074 1714 somniantis
2121 1645 2362 1713 Bacchi
2438 1652 2504 1714 et

475 1772 651 1821 vana
679 1753 1005 1842 fingentis
1038 1753 1331 1841 ignaviae
1362 1752 1668 1821 derisum
1704 1752 2169 1842 suppeditant.
2204 1753 2305 1822 Ita
2328 1753 2502 1822 infe-

474 1881 707 1928 rorum
743 1860 859 1927 illa
888 1859 1174 1927 ridicula
1201 1860 1609 1939 imitatione,
1650 1861 1879 1928 omnia
1928 1859 2188 1927 comico
2214 1878 2501 1948 respon-

474 1966 641 2036 dent
674 1967 1021 2056 proposito
1059 1974 1126 2034 et
1159 1988 1312 2056 quae
1360 1967 1577 2036 oculis
1623 1965 2085 2036 ostenduntur
2116 1972 2185 2034 et
2214 1987 2370 2054 quae
2402 1965 2504 2032 la-

476 2079 643 2142 tent.
669 2073 931 2142 Chorus
988 2075 1133 2163 ipse
1190 2063 1639 2153 initiatorum,
1678 2076 1875 2164 cujus
1934 2095 2016 2142 ex
2079 2074 2332 2164 angulo
2381 2093 2502 2140 au-

475 2181 672 2248 diunt
702 2181 904 2248 ambo
936 2189 1005 2249 et
1031 2181 1472 2250 ludificantur
1494 2181 1820 2271 hymnOS,
1850 2183 2060 2250 totius
2082 2182 2306 2272 operis
2332 2202 2503 2249 sono

474 2291 789 2378 congruit
827 2294 875 2355 ¹.
905 2291 1043 2358 Etsi
1077 2291 1395 2358 Iacchum
1430 2293 1882 2380 Cereremque
1911 2289 2298 2380 magnificis
2334 2289 2504 2358 cele-

404 2451 411 2456 .
476 2396 625 2464 brat
662 2396 1105 2474 carminibuS,
1141 2418 1295 2484 quae
1326 2399 1649 2486 pleraque
1698 2398 1762 2464 in
1806 2398 2146 2465 Eleusinis
2185 2403 2502 2486 penetra-

474 2502 655 2571 libus
697 2523 834 2572 non
870 2503 1128 2572 absona
1156 2505 1369 2572 fuisse
1392 2504 1736 2583 videntur,
1773 2505 2085 2572 Xanthiae
2114 2505 2349 2593 jocum
2381 2524 2500 2573 au·

474 2610 712 2679 dacem
752 2618 821 2679 et
852 2613 963 2679 vix
991 2613 1059 2679 in
1079 2613 1474 2681 Bacchanali
1498 2613 1770 2682 licentia
1793 2611 2240 2693 tolerabilem,
2272 2632 2504 2680 assen-

475 2719 685 2786 tiente
707 2719 897 2798 hero,
935 2721 1261 2809 suggerit.

882 2898 1078 2985 ᾅδουσι
1106 2917 1231 2985 γοῦν
1263 2913 1353 2965 τὸν
1381 2899 1577 2984 ἴακχον
1607 2910 1762 2986 ὅνπερ
1790 2911 2080 2987 Διαγόρας.

567 3139 912 3207 Alluditur
936 3140 1020 3205 ad
1054 3140 1377 3207 eumdem
1420 3140 1614 3207 illum
1640 3140 2023 3229 Diagoram,
2059 3140 2172 3230 qui
2228 3146 2505 3229 propter

472 3247 1000 3315 audacissimam
1033 3247 1455 3336 impietatem
1494 3247 1697 3336 paulo
1733 3253 1892 3316 ante
1943 3247 2218 3315 civitate
2272 3255 2500 3315 exter-

475 3354 775 3421 minatus
806 3360 911 3422 est
940 3361 1009 3421 et
1036 3355 1253 3443 capite
1286 3353 1658 3422 damnatus
1688 3358 1742 3420 ².
1801 3354 2044 3423 Nonne
2092 3354 2340 3421 mirum
2383 3376 2499 3443 pu-

476 3460 652 3529 blice
687 3461 757 3526 in
790 3452 1059 3528 theatro
1096 3461 1403 3549 potuisse
1440 3460 1818 3549 praedicari,
1870 3460 2150 3547 hymnis
2179 3460 2246 3527 in
2279 3460 2501 3528 hono-

472 3589 621 3636 rem
671 3569 1153 3636 Eleusinorum
1188 3568 1554 3635 numinum
1599 3567 1998 3647 decantatiS,
2039 3566 2304 3636 reddita
2342 3575 2503 3636 ante

475 3682 937 3765 spectatorum
980 3676 1219 3743 oculos
1262 3674 1437 3742 festa
1487 3694 1895 3763 pomparum
1943 3675 2242 3763 imagine
2269 3730 2284 3755 ,
2332 3696 2502 3765 quas

475 3781 634 3850 belli
666 3801 867 3849 causa
895 3788 1058 3849 tunc
1084 3781 1253 3849 mari
1279 3782 1429 3849 sine
1462 3782 1603 3849 ullo
1629 3792 1956 3871 apparatu
1985 3804 2122 3851 non
2151 3788 2323 3851 terra
2343 3804 2501 3851 cum

534 4005 551 4039 ¹
595 4008 737 4060 Rau..
769 4010 859 4053 3¹6
892 4012 939 4053 et
966 4021 1068 4066 soq-

534 4085 557 4120 ¹
590 4089 790 4145 Senon„
818 4088 887 4135 ad
922 4091 1030 4145 Av„
1068 4092 1203 4137 1071.
1244 4091 1433 4143 Cleua..
1462 4092 1578 4138 Nat.
1615 4092 1774 4137 Deor..
1811 4092 1847 4146 1,
1875 4095 1952 4139 23.
1981 4091 2052 4139 Cf.
2081 4090 2404 4146 Βειιωυιιυγ,
2445 4092 2504 4146 11,

474 4167 581 4217 545.
