3167 5125
1560 531 1842 586 ...80-

622 705 625 708 .
698 687 719 717 α
752 667 1070 742 πράττοντες
1089 669 1364 722 ποιοῦνται
1391 669 1485 725 τὴν
1510 667 1758 742 μίμησιν,
1785 688 1807 717 »
1845 659 1934 735 et,
1975 688 1996 717 «
2027 668 2097 723 τὰ
2121 667 2220 728 ἤθη
2256 669 2738 745 συμπαραλαμὸά-

689 795 841 831 voum
868 776 967 836 τὰς
990 775 1205 851 πράξεις
1264 764 1309 825 ¹.
1351 785 1383 822 »
1416 759 1828 848 Religiosam
1857 763 2121 850 poesim
2163 783 2303 830 non
2336 783 2546 851 posse
2578 763 2733 831 sine

692 888 944 958 magno
976 867 1329 956 religionis
1371 868 1586 955 ipsius
1625 866 1928 955 periculo
1993 868 2282 936 ridicula
2338 870 2731 939 imitatione

691 974 1082 1055 deformari,
1118 994 1238 1063 pro
1302 973 1772 1042 demonstrato
1831 975 1958 1042 erit
2010 975 2438 1058 habendum,
2487 983 2556 1046 et
2589 979 2728 1046 nisi

692 1083 1214 1161 conniveamUS,
1247 1080 1726 1169 Aristophanis
1764 1083 2079 1171 exemplo
2123 1083 2339 1151 oculis
2391 1085 2722 1152 incurret.

688 1190 773 1256 At
804 1189 859 1256 si
894 1189 1195 1256 comicus
1224 1187 1508 1276 periculi
1546 1186 1732 1254 illius
1761 1189 2032 1256 anxiam
2071 1191 2411 1259 rationem
2437 1191 2724 1259 habuis-

686 1302 813 1377 set,
842 1295 1229 1364 uberrimus
1260 1293 1389 1382 ipsi
1411 1313 1719 1361 censurae
1753 1299 1958 1382 atque
1985 1295 2250 1364 ridiculi
2283 1297 2442 1365 fons
2474 1299 2724 1366 fuisset

686 1403 1077 1483 conclusuS,
1124 1420 1341 1490 quum
1379 1399 1710 1489 tragoedia
1767 1405 1910 1469 tota.
1948 1402 2441 1493 epicorumque
2493 1406 2724 1494 poesis

685 1512 755 1576 in
807 1510 1024 1599 patria
1066 1507 1461 1575 adornanda
1514 1507 1844 1596 religione
1898 1516 2252 1592 versatum
2302 1519 2371 1580 et
2424 1511 2720 1581 deterri-

686 1638 959 1686 morum
1004 1621 1360 1705 poetarum
1407 1613 1754 1702 prohibita
1803 1615 2052 1684 fuisset
2127 1639 2443 1698 censura,
2509 1619 2764 1686 dum-.

686 1722 894 1790 modo
949 1722 1019 1788 in
1054 1721 1305 1789 veteris
1338 1721 1555 1788 aetatis
1586 1720 2042 1790 illustratione
2065 1723 2565 1794 elaborassent.
2597 1729 2723 1796 Ce-
2767 1775 2774 1782 -

684 1837 907 1899 terum
940 1828 1399 1897 Athenienses
1440 1827 1687 1895 melius
1725 1847 1802 1896 ac
1835 1849 1962 1896 nos
1995 1832 2394 1899 mortalium
2428 1853 2721 1923 operum

682 1938 1116 2007 vexationem
1165 1935 1495 2003 comicam
1547 1935 1632 2002 ab
1672 1938 1818 2024 ipsa
1881 1937 2209 2026 religione
2257 1961 2412 2026 quae
2463 1947 2720 2031 suppe-

681 2045 925 2113 ditarat
984 2045 1337 2110 materiam
1404 2049 1884 2132 segregarunt,
1944 2051 2011 2112 et
2056 2045 2187 2113 diis
2252 2047 2420 2134 ipsis
2469 2055 2719 2137 potue-

680 2159 841 2220 runt
894 2171 1167 2219 servare
1225 2150 1735 2217 venerationem
1797 2151 2092 2231 solitam,
2162 2153 2433 2220 somnia
2489 2160 2717 2242 poeta-

682 2281 834 2328 rum
862 2281 1019 2328 cum
1046 2257 1503 2346 Aristophane
1536 2257 1875 2325 habentes
1917 2258 2242 2326 ludibrio.

768 2367 972 2436 Aliud
1005 2367 1073 2433 in
1115 2364 1629 2435 excusationem
1663 2365 2034 2454 impietatis
2086 2367 2450 2434 inventum
2509 2387 2717 2456 argu-

677 2469 993 2544 mentum
1029 2479 1055 2523 2'
1092 2495 1326 2543 eorum
1362 2478 1466 2540 est
1496 2472 1613 2561 qui
1665 2474 1978 2561 exempla
2007 2473 2286 2541 trahunt
2329 2495 2412 2541 ex
2463 2475 2718 2543 litteris

678 2585 934 2654 nostris
966 2580 1437 2673 popularibUS‚
1479 2586 1546 2647 et
1572 2580 1928 2669 religiosas
1956 2580 2202 2649 mediae
2251 2584 2470 2650 aetatis
2513 2582 2714 2650 fabu-

674 2694 777 2759 las
811 2696 1121 2769 evocant‚
1168 2690 1238 2754 in
1273 2688 1525 2776 quihus
1563 2686 1896 2767 Christus,
1935 2687 2168 2755 divina
2206 2694 2451 2769 mater,
2495 2692 2716 2757 sancti

674 2805 881 2885 atque
906 2796 1131 2885 angeli
1162 2793 1447 2861 ridicule
1481 2793 1731 2881 saepius
1756 2794 2134 2881 loquuntur
2159 2801 2226 2862 et
2257 2807 2495 2885 agunt.
2529 2798 2711 2874 Quas

676 2924 1025 2993 opponere
1084 2903 1311 2971 solent
1357 2898 1876 2987 Aristophaneis
1919 2902 2300 2982 comoediis,
2339 2904 2532 2969 nulla
2583 2902 2708 2970 ho-

570 3020 574 3023 ’
676 3013 967 3094 minum,
1006 3018 1423 3099 temporum,
1460 3007 1628 3073 artis
1659 3008 1921 3083 ratione
1957 3008 2211 3089 habita,
2253 3015 2321 3076 et
2377 3010 2434 3077 si
2495 3009 2710 3081 fidem

673 3119 893 3186 facere
960 3118 1247 3207 possint,
1296 3135 1546 3205 magno
1601 3114 1978 3181 Atticorum
2037 3114 2479 3184 detrimento.
2535 3118 2713 3193 Quo-

542 3202 569 3269 Ϊ
675 3227 907 3307 modo,
954 3227 1154 3293 sinon
1198 3226 1371 3303 aliis,
1416 3244 1557 3291 non
1613 3222 1710 3288 illi
1772 3221 2016 3289 saltem
2068 3222 2170 3288 rei
2217 3222 2705 3302 attenderunt,

672 3333 929 3401 scilicet
961 3333 1205 3401 mediae
1238 3332 1465 3425 aetatis
1514 3334 1840 3412 mysteria
1906 3328 2019 3395 vix
2071 3328 2235 3395 artis
2299 3330 2710 3417 praeclarum

668 3441 915 3507 mereri
958 3458 1212 3506 nomen
1244 3442 1311 3505 et
1344 3434 1724 3525 puerilibus
1746 3434 1920 3523 jocis
1949 3435 2180 3522 potius
2211 3454 2420 3521 quam
2447 3436 2706 3503 littera-

668 3567 821 3613 rum
845 3544 1313 3613 monumentis
1326 3562 1531 3632 posse
1546 3540 1919 3629 comparari
1958 3544 2014 3605 3?
2034 3540 2342 3609 Rudibus
2356 3544 2709 3631 proposita

733 3802 751 3838 ¹
791 3808 959 3853 Ams‘r.
1020 3806 1146 3851 Poet.
1202 3805 1283 3851 VI.

724 3885 747 3917 ‘2
776 3839 1032 3933 Tritum’et
1053 3840 1406 3931 fere'omnihus
1432 3888 1742 3942 usurpatum.
1768 3882 1984 3941 Efflmrit,
2008 3884 2061 3930 ni
2089 3883 2250 3942 fallor,
2273 3898 2300 3931 e
2324 3884 2409 3932 Fa.
2435 3886 2709 3944 SanneEL,

662 3966 857 4023 Athen„
905 3967 995 4020 ΙΙΙ,
1040 3950 1150 4021 2573
1191 3966 1243 4010 in
1282 3965 1719 4011 commentationes
1759 3964 1988 4011 aliorum.
2031 3966 2102 4011 Ita
2149 3969 2352 4013 excusat
2405 3966 2711 4025 impietatem

663 4048 815 4094 nostri
848 4049 1163 4103 Bascama,
1200 4044 1356 4091 Etude
1383 4056 1473 4091 sur
1508 4043 1853 4103 Aristophane,
1893 4047 2003 4093 303.
2031 4044 2103 4092 Cf.
2139 4046 2466 4104 BEmmAnnY,
2499 4050 2560 4103 ΙΙ,
2596 4046 2708 4105 548,

661 4128 751 4187 qui
785 4130 1133 4186 argumentum
1165 4139 1256 4185 pro
1286 4138 1377 4173 suo
1410 4126 1604 4172 dubitat
1633 4138 1898 4172 assumere.
2603 4135 2610 4141 ·

722 4206 745 4241 3
778 4209 833 4257 V.
864 4207 1177 4261 MommanS
1206 4210 1252 4253 et
1280 4208 1363 4254 Fa.
1392 4205 1602 4262 anm„
1650 4202 1851 4253 ΤΙιρᾶινε
1878 4203 2110 4267 franpais
2148 4218 2217 4254 au
2253 4218 2424 4267 moyen
2463 4204 2568 4267 ἀρε.
2611 4207 2709 4263 Qui
