<?xml version="1.0" encoding="UTF-8"?>
<!DOCTYPE html PUBLIC "-//W3C//DTD XHTML 1.0 Transitional//EN"
    "http://www.w3.org/TR/xhtml1/DTD/xhtml1-transitional.dtd">
<html xmlns="http://www.w3.org/1999/xhtml" xml:lang="en" lang="en">
 <head>
  <title>
</title>
<meta http-equiv="Content-Type" content="text/html;charset=utf-8" />
  <meta name='ocr-system' content='tesseract 3.04.00' />
  <meta name='ocr-capabilities' content='ocr_page ocr_carea ocr_par ocr_line ocrx_word'/>
</head>
<body>
  <div class='ocr_page' id='page_1' title='image "./aristophanesimp01hildgoog_0110.png"; bbox 0 0 3167 5125; ppageno 0'>
   <div class='ocr_carea' id='block_1_1' title="bbox 1536 441 1824 556">
    <p class='ocr_par' dir='ltr' id='par_1_1' title="bbox 1536 441 1824 556">
     <span class='ocr_line' id='line_1_1' title="bbox 1536 441 1824 556; baseline 0 -28"><span class='ocrx_word' id='word_1_1' title='bbox 1536 441 1824 556; x_wconf 43' lang='lat'>-945</span> 
     </span>
    </p>
   </div>
   <div class='ocr_carea' id='block_1_2' title="bbox 553 611 2789 4006">
    <p class='ocr_par' dir='ltr' id='par_1_2' title="bbox 641 611 2789 2090">
     <span class='ocr_line' id='line_1_2' title="bbox 658 611 2702 702; baseline 0.002 -25"><span class='ocrx_word' id='word_1_2' title='bbox 658 616 771 688; x_wconf 86' lang='lat' dir='ltr'>tes</span> <span class='ocrx_word' id='word_1_3' title='bbox 803 611 959 680; x_wconf 82' lang='lat' dir='ltr'>illos</span> <span class='ocrx_word' id='word_1_4' title='bbox 986 611 1207 700; x_wconf 86' lang='lat' dir='ltr'>quiin</span> <span class='ocrx_word' id='word_1_5' title='bbox 1234 629 1437 680; x_wconf 86' lang='lat' dir='ltr'>scena</span> <span class='ocrx_word' id='word_1_6' title='bbox 1477 612 1712 700; x_wconf 86' lang='lat' dir='ltr'>patriis</span> <span class='ocrx_word' id='word_1_7' title='bbox 1744 611 1874 678; x_wconf 89' lang='lat' dir='ltr'>diis</span> <span class='ocrx_word' id='word_1_8' title='bbox 1903 612 2293 702; x_wconf 88' lang='lat' dir='ltr'>supplicant</span> <span class='ocrx_word' id='word_1_9' title='bbox 2323 618 2392 682; x_wconf 90' lang='lat' dir='ltr'>et</span> <span class='ocrx_word' id='word_1_10' title='bbox 2431 613 2702 683; x_wconf 87' lang='lat' dir='ltr'>Aristo-</span> 
     </span>
     <span class='ocr_line' id='line_1_3' title="bbox 650 716 2704 806; baseline 0.003 -23"><span class='ocrx_word' id='word_1_11' title='bbox 650 718 963 806; x_wconf 89' lang='lat' dir='ltr'>phanem</span> <span class='ocrx_word' id='word_1_12' title='bbox 992 719 1331 806; x_wconf 89' lang='lat' dir='ltr'>equestris</span> <span class='ocrx_word' id='word_1_13' title='bbox 1379 716 1640 786; x_wconf 87' lang='lat' dir='ltr'>ordinis</span> <span class='ocrx_word' id='word_1_14' title='bbox 1686 717 2116 785; x_wconf 76' lang='lat' dir='ltr'>laudatorem</span> <span class='ocrx_word' id='word_1_15' title='bbox 2147 718 2442 788; x_wconf 80' lang='lat' dir='ltr'>libenter</span> <span class='ocrx_word' id='word_1_16' title='bbox 2481 721 2704 789; x_wconf 87' lang='lat' dir='ltr'>credi-</span> 
     </span>
     <span class='ocr_line' id='line_1_4' title="bbox 649 824 2699 912; baseline 0 -20"><span class='ocrx_word' id='word_1_17' title='bbox 649 845 829 892; x_wconf 79' lang='lat' dir='ltr'>mus‚</span> <span class='ocrx_word' id='word_1_18' title='bbox 856 825 1189 892; x_wconf 88' lang='lat' dir='ltr'>Pietatem</span> <span class='ocrx_word' id='word_1_19' title='bbox 1208 844 1405 892; x_wconf 88' lang='lat' dir='ltr'>suam</span> <span class='ocrx_word' id='word_1_20' title='bbox 1433 830 1790 891; x_wconf 88' lang='lat' dir='ltr'>nutantem</span> <span class='ocrx_word' id='word_1_21' title='bbox 1809 824 1919 891; x_wconf 80' lang='lat' dir='ltr'>vel</span> <span class='ocrx_word' id='word_1_22' title='bbox 1957 824 2184 912; x_wconf 90' lang='lat' dir='ltr'>potius</span> <span class='ocrx_word' id='word_1_23' title='bbox 2216 846 2528 894; x_wconf 87' lang='lat' dir='ltr'>eversam</span> <span class='ocrx_word' id='word_1_24' title='bbox 2561 829 2699 896; x_wconf 90' lang='lat' dir='ltr'>rei—</span> 
     </span>
     <span class='ocr_line' id='line_1_5' title="bbox 648 931 2697 1023; baseline 0.001 -25"><span class='ocrx_word' id='word_1_25' title='bbox 648 931 938 1019; x_wconf 85' lang='lat' dir='ltr'>publicae</span> <span class='ocrx_word' id='word_1_26' title='bbox 968 951 1127 999; x_wconf 82' lang='lat' dir='ltr'>cura</span> <span class='ocrx_word' id='word_1_27' title='bbox 1152 931 1489 998; x_wconf 77' lang='lat' dir='ltr'>fulcire-et</span> <span class='ocrx_word' id='word_1_28' title='bbox 1514 932 1878 998; x_wconf 80' lang='lat' dir='ltr'>&#39;restituere</span> <span class='ocrx_word' id='word_1_29' title='bbox 1901 932 2123 998; x_wconf 76' lang='lat' dir='ltr'>conati</span> <span class='ocrx_word' id='word_1_30' title='bbox 2157 938 2322 1000; x_wconf 83' lang='lat' dir='ltr'>sunt</span> <span class='ocrx_word' id='word_1_31' title='bbox 2337 957 2355 1014; x_wconf 77' lang='lat'><em>3</em></span> <span class='ocrx_word' id='word_1_32' title='bbox 2380 937 2697 1023; x_wconf 70' lang='lat' dir='ltr'>proprias·</span> 
     </span>
     <span class='ocr_line' id='line_1_6' title="bbox 650 1031 2694 1127; baseline 0.001 -22"><span class='ocrx_word' id='word_1_33' title='bbox 650 1060 785 1126; x_wconf 92' lang='lat' dir='ltr'>que</span> <span class='ocrx_word' id='word_1_34' title='bbox 808 1037 1201 1104; x_wconf 75' lang='lat' dir='ltr'>ambitionis</span> <span class='ocrx_word' id='word_1_35' title='bbox 1227 1031 1431 1106; x_wconf 78' lang='lat' dir='ltr'>cansa</span> <span class='ocrx_word' id='word_1_36' title='bbox 1480 1039 1884 1127; x_wconf 74' lang='lat' dir='ltr'>peperci-sse·</span> <span class='ocrx_word' id='word_1_37' title='bbox 1919 1039 2144 1127; x_wconf 78' lang='lat' dir='ltr'>magis·</span> <span class='ocrx_word' id='word_1_38' title='bbox 2181 1059 2385 1126; x_wconf 87' lang='lat' dir='ltr'>qnam</span> <span class='ocrx_word' id='word_1_39' title='bbox 2442 1040 2694 1108; x_wconf 88' lang='lat' dir='ltr'>favisse</span> 
     </span>
     <span class='ocr_line' id='line_1_7' title="bbox 651 1137 2732 1233; baseline 0.002 -23"><span class='ocrx_word' id='word_1_40' title='bbox 651 1137 783 1212; x_wconf 87' lang='lat' dir='ltr'>diis</span> <span class='ocrx_word' id='word_1_41' title='bbox 809 1145 1045 1233; x_wconf 86' lang='lat' dir='ltr'>patriis</span> <span class='ocrx_word' id='word_1_42' title='bbox 1078 1143 1423 1212; x_wconf 79' lang='lat' dir='ltr'>videntur.</span> <span class='ocrx_word' id='word_1_43' title='bbox 1454 1145 1720 1211; x_wconf 75' lang='lat' dir='ltr'>Horur&#39;n·</span> <span class='ocrx_word' id='word_1_44' title='bbox 1773 1149 1996 1232; x_wconf 83' lang='lat' dir='ltr'>partes</span> <span class='ocrx_word' id='word_1_45' title='bbox 2029 1139 2345 1212; x_wconf 77' lang='lat' dir='ltr'>secutum</span> <span class='ocrx_word' id='word_1_46' title='bbox 2377 1146 2593 1216; x_wconf 88' lang='lat' dir='ltr'>fuisse</span> <span class='ocrx_word' id='word_1_47' title='bbox 2619 1148 2690 1214; x_wconf 91' lang='lat' dir='ltr'>in</span> <span class='ocrx_word' id='word_1_48' title='bbox 2724 1187 2732 1193; x_wconf 90' lang='lat'><em>·</em></span> 
     </span>
     <span class='ocr_line' id='line_1_8' title="bbox 646 1249 2688 1341; baseline 0 -22"><span class='ocrx_word' id='word_1_49' title='bbox 646 1252 959 1320; x_wconf 85' lang='lat' dir='ltr'>civilibus</span> <span class='ocrx_word' id='word_1_50' title='bbox 1008 1251 1213 1319; x_wconf 88' lang='lat' dir='ltr'>rebus</span> <span class='ocrx_word' id='word_1_51' title='bbox 1258 1249 1335 1318; x_wconf 74' lang='lat' dir='ltr'>et&#39;</span> <span class='ocrx_word' id='word_1_52' title='bbox 1358 1249 1586 1318; x_wconf 85' lang='lat' dir='ltr'>studia</span> <span class='ocrx_word' id='word_1_53' title='bbox 1623 1253 1765 1341; x_wconf 75' lang='lat' dir='ltr'>per‘</span> <span class='ocrx_word' id='word_1_54' title='bbox 1798 1253 2011 1319; x_wconf 84' lang='lat' dir='ltr'>totius</span> <span class='ocrx_word' id='word_1_55' title='bbox 2042 1251 2212 1320; x_wconf 72' lang='lat' dir='ltr'>‘vitae&#39;</span> <span class='ocrx_word' id='word_1_56' title='bbox 2269 1254 2688 1321; x_wconf 87' lang='lat' dir='ltr'>curriculum</span> 
     </span>
     <span class='ocr_line' id='line_1_9' title="bbox 651 1358 2789 1448; baseline 0.001 -22"><span class='ocrx_word' id='word_1_57' title='bbox 651 1358 1039 1448; x_wconf 83' lang='lat' dir='ltr'>professum</span> <span class='ocrx_word' id='word_1_58' title='bbox 1076 1358 1609 1446; x_wconf 82' lang='lat' dir='ltr'>Aristophanem</span> <span class='ocrx_word' id='word_1_59' title='bbox 1635 1363 1902 1426; x_wconf 87' lang='lat' dir='ltr'>constat</span> <span class='ocrx_word' id='word_1_60' title='bbox 1924 1358 2078 1439; x_wconf 89' lang='lat' dir='ltr'>;sed</span> <span class='ocrx_word' id='word_1_61' title='bbox 2107 1360 2523 1446; x_wconf 58' lang='lat' dir='ltr'>quiamhwzo&#39;e</span> <span class='ocrx_word' id='word_1_62' title='bbox 2544 1382 2682 1429; x_wconf 90' lang='lat' dir='ltr'>non</span> <span class='ocrx_word' id='word_1_63' title='bbox 2779 1410 2789 1416; x_wconf 71' lang='lat'><strong>·</strong></span> 
     </span>
     <span class='ocr_line' id='line_1_10' title="bbox 641 1459 2676 1554; baseline 0.001 -21"><span class='ocrx_word' id='word_1_64' title='bbox 641 1465 744 1534; x_wconf 82' lang='lat' dir='ltr'>fas</span> <span class='ocrx_word' id='word_1_65' title='bbox 774 1459 917 1534; x_wconf 87' lang='lat' dir='ltr'>erat</span> <span class='ocrx_word' id='word_1_66' title='bbox 946 1486 983 1532; x_wconf 89' lang='lat' dir='ltr'>a</span> <span class='ocrx_word' id='word_1_67' title='bbox 1009 1465 1223 1554; x_wconf 85' lang='lat' dir='ltr'>&#39;patria</span> <span class='ocrx_word' id='word_1_68' title='bbox 1252 1465 1582 1553; x_wconf 82' lang='lat' dir='ltr'>religione</span> <span class='ocrx_word' id='word_1_69' title='bbox 1623 1463 1879 1542; x_wconf 85' lang='lat' dir='ltr'>divelli,</span> <span class='ocrx_word' id='word_1_70' title='bbox 1919 1465 2223 1532; x_wconf 89' lang='lat' dir='ltr'>comicus</span> <span class='ocrx_word' id='word_1_71' title='bbox 2284 1465 2357 1530; x_wconf 89' lang='lat' dir='ltr'>in</span> <span class='ocrx_word' id='word_1_72' title='bbox 2403 1467 2676 1535; x_wconf 89' lang='lat' dir='ltr'>theatro</span> 
     </span>
     <span class='ocr_line' id='line_1_11' title="bbox 648 1569 2677 1660; baseline -0 -20"><span class='ocrx_word' id='word_1_73' title='bbox 648 1574 821 1640; x_wconf 91' lang='lat' dir='ltr'>sicut</span> <span class='ocrx_word' id='word_1_74' title='bbox 861 1572 1127 1660; x_wconf 85' lang='lat' dir='ltr'>equites</span> <span class='ocrx_word' id='word_1_75' title='bbox 1156 1573 1223 1637; x_wconf 91' lang='lat' dir='ltr'>in</span> <span class='ocrx_word' id='word_1_76' title='bbox 1258 1571 1607 1648; x_wconf 80' lang='lat' dir='ltr'>concione,</span> <span class='ocrx_word' id='word_1_77' title='bbox 1660 1569 1906 1637; x_wconf 86' lang='lat' dir='ltr'>mediae</span> <span class='ocrx_word' id='word_1_78' title='bbox 1951 1569 2226 1637; x_wconf 86' lang='lat' dir='ltr'>cuidam</span> <span class='ocrx_word' id='word_1_79' title='bbox 2277 1590 2353 1638; x_wconf 89' lang='lat' dir='ltr'>se</span> <span class='ocrx_word' id='word_1_80' title='bbox 2413 1571 2677 1640; x_wconf 83' lang='lat' dir='ltr'>addixit</span> 
     </span>
     <span class='ocr_line' id='line_1_12' title="bbox 644 1675 2678 1770; baseline -0.001 -22"><span class='ocrx_word' id='word_1_81' title='bbox 644 1679 951 1770; x_wconf 90' lang='lat' dir='ltr'>opinioni</span> <span class='ocrx_word' id='word_1_82' title='bbox 976 1679 1048 1744; x_wconf 91' lang='lat' dir='ltr'>in</span> <span class='ocrx_word' id='word_1_83' title='bbox 1079 1677 1353 1756; x_wconf 82' lang='lat' dir='ltr'>diviniS,</span> <span class='ocrx_word' id='word_1_84' title='bbox 1390 1698 1545 1765; x_wconf 82' lang='lat' dir='ltr'>quae</span> <span class='ocrx_word' id='word_1_85' title='bbox 1572 1677 1800 1744; x_wconf 90' lang='lat' dir='ltr'>locum</span> <span class='ocrx_word' id='word_1_86' title='bbox 1834 1675 2024 1744; x_wconf 88' lang='lat' dir='ltr'>daret</span> <span class='ocrx_word' id='word_1_87' title='bbox 2047 1677 2554 1764; x_wconf 88' lang='lat' dir='ltr'>amplissimum</span> <span class='ocrx_word' id='word_1_88' title='bbox 2580 1679 2678 1746; x_wconf 83' lang='lat' dir='ltr'>fa-</span> 
     </span>
     <span class='ocr_line' id='line_1_13' title="bbox 644 1783 2677 1873; baseline -0 -20"><span class='ocrx_word' id='word_1_89' title='bbox 644 1787 961 1854; x_wconf 89' lang='lat' dir='ltr'>bularum</span> <span class='ocrx_word' id='word_1_90' title='bbox 993 1785 1420 1873; x_wconf 84' lang='lat' dir='ltr'>malignitati,</span> <span class='ocrx_word' id='word_1_91' title='bbox 1467 1804 1606 1850; x_wconf 90' lang='lat' dir='ltr'>non</span> <span class='ocrx_word' id='word_1_92' title='bbox 1635 1783 1800 1850; x_wconf 89' lang='lat' dir='ltr'>deos</span> <span class='ocrx_word' id='word_1_93' title='bbox 1847 1791 2074 1850; x_wconf 89' lang='lat' dir='ltr'>tamen</span> <span class='ocrx_word' id='word_1_94' title='bbox 2109 1803 2490 1872; x_wconf 88' lang='lat' dir='ltr'>eorumque</span> <span class='ocrx_word' id='word_1_95' title='bbox 2527 1785 2677 1852; x_wconf 91' lang='lat' dir='ltr'>cul—</span> 
     </span>
     <span class='ocr_line' id='line_1_14' title="bbox 643 1890 2674 1982; baseline -0.002 -21"><span class='ocrx_word' id='word_1_96' title='bbox 643 1901 792 1964; x_wconf 88' lang='lat' dir='ltr'>tum</span> <span class='ocrx_word' id='word_1_97' title='bbox 844 1913 883 1960; x_wconf 88' lang='lat' dir='ltr'>a</span> <span class='ocrx_word' id='word_1_98' title='bbox 932 1892 1239 1982; x_wconf 86' lang='lat' dir='ltr'>patribus</span> <span class='ocrx_word' id='word_1_99' title='bbox 1290 1891 1614 1958; x_wconf 87' lang='lat' dir='ltr'>traditum</span> <span class='ocrx_word' id='word_1_100' title='bbox 1673 1890 2118 1956; x_wconf 89' lang='lat' dir='ltr'>sustinuisset</span> <span class='ocrx_word' id='word_1_101' title='bbox 2155 1909 2192 1956; x_wconf 95' lang='lat' dir='ltr'>e</span> <span class='ocrx_word' id='word_1_102' title='bbox 2235 1890 2508 1958; x_wconf 87' lang='lat' dir='ltr'>civitate</span> <span class='ocrx_word' id='word_1_103' title='bbox 2537 1891 2674 1958; x_wconf 92' lang='lat' dir='ltr'>tol-</span> 
     </span>
     <span class='ocr_line' id='line_1_15' title="bbox 643 2000 1528 2090; baseline 0.006 -23"><span class='ocrx_word' id='word_1_104' title='bbox 643 2000 807 2068; x_wconf 90' lang='lat' dir='ltr'>lere.</span> <span class='ocrx_word' id='word_1_105' title='bbox 978 2083 1013 2090; x_wconf 77' lang='lat'>..</span> <span class='ocrx_word' id='word_1_106' title='bbox 1084 2087 1089 2090; x_wconf 21' lang='grc' dir='ltr'>Ι</span> <span class='ocrx_word' id='word_1_107' title='bbox 1248 2085 1255 2090; x_wconf 11' lang='grc' dir='ltr'><strong>ἡ</strong></span> <span class='ocrx_word' id='word_1_108' title='bbox 1368 2087 1375 2090; x_wconf 32' lang='grc'><strong>,</strong></span> <span class='ocrx_word' id='word_1_109' title='bbox 1520 2066 1528 2072; x_wconf 84' lang='grc'><em>.</em></span> 
     </span>
    </p>

    <p class='ocr_par' dir='ltr' id='par_1_3' title="bbox 553 2095 2678 4006">
     <span class='ocr_line' id='line_1_16' title="bbox 732 2095 2670 2192; baseline -0.001 -19"><span class='ocrx_word' id='word_1_110' title='bbox 732 2104 1172 2174; x_wconf 82' lang='lat' dir='ltr'>Germanicus</span> <span class='ocrx_word' id='word_1_111' title='bbox 1190 2108 1422 2170; x_wconf 80' lang='lat' dir='ltr'>auctor</span> <span class='ocrx_word' id='word_1_112' title='bbox 1460 2107 1476 2149; x_wconf 88' lang='lat'>¹</span> <span class='ocrx_word' id='word_1_113' title='bbox 1508 2103 1622 2191; x_wconf 91' lang='lat' dir='ltr'>qui</span> <span class='ocrx_word' id='word_1_114' title='bbox 1643 2095 1975 2171; x_wconf 70' lang='lat' dir='ltr'>adversus</span> <span class='ocrx_word' id='word_1_115' title='bbox 2004 2099 2452 2192; x_wconf 82' lang='lat' dir='ltr'>Boettigerum</span> <span class='ocrx_word' id='word_1_116' title='bbox 2483 2107 2670 2173; x_wconf 88' lang='lat' dir='ltr'>Aris-</span> 
     </span>
     <span class='ocr_line' id='line_1_17' title="bbox 644 2210 2675 2301; baseline 0 -24"><span class='ocrx_word' id='word_1_117' title='bbox 644 2211 967 2299; x_wconf 88' lang='lat' dir='ltr'>tophanis</span> <span class='ocrx_word' id='word_1_118' title='bbox 1011 2211 1435 2299; x_wconf 86' lang='lat' dir='ltr'>impietatem</span> <span class='ocrx_word' id='word_1_119' title='bbox 1488 2210 1750 2278; x_wconf 88' lang='lat' dir='ltr'>diluere</span> <span class='ocrx_word' id='word_1_120' title='bbox 1805 2217 2090 2278; x_wconf 90' lang='lat' dir='ltr'>conatus</span> <span class='ocrx_word' id='word_1_121' title='bbox 2132 2218 2260 2291; x_wconf 92' lang='lat' dir='ltr'>est,</span> <span class='ocrx_word' id='word_1_122' title='bbox 2301 2232 2545 2301; x_wconf 90' lang='lat' dir='ltr'>parum</span> <span class='ocrx_word' id='word_1_123' title='bbox 2605 2215 2675 2279; x_wconf 87' lang='lat' dir='ltr'>in</span> 
     </span>
     <span class='ocr_line' id='line_1_18' title="bbox 640 2315 2678 2407; baseline 0.001 -23"><span class='ocrx_word' id='word_1_124' title='bbox 640 2317 881 2386; x_wconf 86' lang='lat' dir='ltr'>ceteris</span> <span class='ocrx_word' id='word_1_125' title='bbox 916 2315 1311 2406; x_wconf 88' lang='lat' dir='ltr'>probabilis,</span> <span class='ocrx_word' id='word_1_126' title='bbox 1355 2316 1525 2383; x_wconf 90' lang='lat' dir='ltr'>illud</span> <span class='ocrx_word' id='word_1_127' title='bbox 1561 2322 1788 2383; x_wconf 90' lang='lat' dir='ltr'>tamen</span> <span class='ocrx_word' id='word_1_128' title='bbox 1821 2337 2038 2383; x_wconf 90' lang='lat' dir='ltr'>unum</span> <span class='ocrx_word' id='word_1_129' title='bbox 2077 2319 2332 2407; x_wconf 87' lang='lat' dir='ltr'>optime</span> <span class='ocrx_word' id='word_1_130' title='bbox 2389 2318 2560 2386; x_wconf 85' lang='lat' dir='ltr'>vidit</span> <span class='ocrx_word' id='word_1_131' title='bbox 2611 2328 2678 2388; x_wconf 87' lang='lat' dir='ltr'>et</span> 
     </span>
     <span class='ocr_line' id='line_1_19' title="bbox 640 2423 2674 2514; baseline 0 -22"><span class='ocrx_word' id='word_1_132' title='bbox 640 2425 1219 2492; x_wconf 87' lang='lat' dir='ltr'>commentatione</span> <span class='ocrx_word' id='word_1_133' title='bbox 1253 2443 1376 2492; x_wconf 89' lang='lat' dir='ltr'>sua</span> <span class='ocrx_word' id='word_1_134' title='bbox 1404 2423 1769 2490; x_wconf 83' lang='lat' dir='ltr'>illustravit</span> <span class='ocrx_word' id='word_1_135' title='bbox 1811 2448 1824 2488; x_wconf 77' lang='grc' dir='ltr'><strong><em>ε</em></strong></span> <span class='ocrx_word' id='word_1_136' title='bbox 1863 2423 2674 2514; x_wconf 85' lang='lat' dir='ltr'>scilicet-Aristophanem</span> 
     </span>
     <span class='ocr_line' id='line_1_20' title="bbox 636 2529 2674 2621; baseline -0 -20"><span class='ocrx_word' id='word_1_137' title='bbox 636 2531 935 2601; x_wconf 89' lang='lat' dir='ltr'>Atticum</span> <span class='ocrx_word' id='word_1_138' title='bbox 977 2553 1051 2601; x_wconf 91' lang='lat' dir='ltr'>se</span> <span class='ocrx_word' id='word_1_139' title='bbox 1090 2535 1412 2621; x_wconf 77' lang='lat' dir='ltr'>praestare</span> <span class='ocrx_word' id='word_1_140' title='bbox 1442 2529 1764 2599; x_wconf 89' lang='lat' dir='ltr'>omnibus</span> <span class='ocrx_word' id='word_1_141' title='bbox 1792 2530 1863 2596; x_wconf 91' lang='lat' dir='ltr'>in</span> <span class='ocrx_word' id='word_1_142' title='bbox 1885 2530 2090 2599; x_wconf 91' lang='lat' dir='ltr'>rebus</span> <span class='ocrx_word' id='word_1_143' title='bbox 2121 2537 2190 2599; x_wconf 89' lang='lat' dir='ltr'>et</span> <span class='ocrx_word' id='word_1_144' title='bbox 2215 2552 2368 2619; x_wconf 84' lang='lat' dir='ltr'>quae</span> <span class='ocrx_word' id='word_1_145' title='bbox 2385 2531 2471 2599; x_wconf 91' lang='lat' dir='ltr'>ad</span> <span class='ocrx_word' id='word_1_146' title='bbox 2501 2553 2674 2601; x_wconf 89' lang='lat' dir='ltr'>rem-</span> 
     </span>
     <span class='ocr_line' id='line_1_21' title="bbox 553 2638 2674 2727; baseline 0 -20"><span class='ocrx_word' id='word_1_147' title='bbox 553 2699 561 2707; x_wconf 86' lang='lat'>.</span> <span class='ocrx_word' id='word_1_148' title='bbox 634 2638 978 2727; x_wconf 85' lang='lat' dir='ltr'>publicam</span> <span class='ocrx_word' id='word_1_149' title='bbox 1010 2641 1293 2727; x_wconf 85' lang='lat' dir='ltr'>ejusque</span> <span class='ocrx_word' id='word_1_150' title='bbox 1324 2638 1787 2707; x_wconf 89' lang='lat' dir='ltr'>conditionem</span> <span class='ocrx_word' id='word_1_151' title='bbox 1811 2646 1878 2707; x_wconf 91' lang='lat' dir='ltr'>et</span> <span class='ocrx_word' id='word_1_152' title='bbox 1905 2660 2060 2727; x_wconf 84' lang='lat' dir='ltr'>quae</span> <span class='ocrx_word' id='word_1_153' title='bbox 2080 2639 2166 2706; x_wconf 86' lang='lat' dir='ltr'>ad</span> <span class='ocrx_word' id='word_1_154' title='bbox 2206 2639 2498 2708; x_wconf 88' lang='lat' dir='ltr'>deorum</span> <span class='ocrx_word' id='word_1_155' title='bbox 2530 2642 2674 2708; x_wconf 89' lang='lat' dir='ltr'>cul-</span> 
     </span>
     <span class='ocr_line' id='line_1_22' title="bbox 634 2745 2664 2835; baseline 0.001 -24"><span class='ocrx_word' id='word_1_156' title='bbox 634 2753 782 2811; x_wconf 90' lang='lat' dir='ltr'>tum</span> <span class='ocrx_word' id='word_1_157' title='bbox 815 2746 1181 2833; x_wconf 86' lang='lat' dir='ltr'>pertinent.</span> <span class='ocrx_word' id='word_1_158' title='bbox 1218 2745 1540 2821; x_wconf 86' lang='lat' dir='ltr'>Quocirca</span> <span class='ocrx_word' id='word_1_159' title='bbox 1571 2745 1737 2812; x_wconf 90' lang='lat' dir='ltr'>deos</span> <span class='ocrx_word' id='word_1_160' title='bbox 1768 2764 1940 2832; x_wconf 88' lang='lat' dir='ltr'>quos</span> <span class='ocrx_word' id='word_1_161' title='bbox 1971 2746 2040 2811; x_wconf 90' lang='lat' dir='ltr'>in</span> <span class='ocrx_word' id='word_1_162' title='bbox 2101 2750 2456 2830; x_wconf 73' lang='lat' dir='ltr'>Equicibus</span> <span class='ocrx_word' id='word_1_163' title='bbox 2499 2762 2664 2835; x_wconf 65' lang='grc' dir='ltr'><strong><em>ἐγχω-</em></strong></span> 
     </span>
     <span class='ocr_line' id='line_1_23' title="bbox 628 2850 2668 2941; baseline 0.001 -22"><span class='ocrx_word' id='word_1_164' title='bbox 628 2868 778 2941; x_wconf 76' lang='grc' dir='ltr'>ρίους</span> <span class='ocrx_word' id='word_1_165' title='bbox 818 2856 1035 2930; x_wconf 84' lang='lat' dir='ltr'>vocat,</span> <span class='ocrx_word' id='word_1_166' title='bbox 1114 2851 1239 2918; x_wconf 89' lang='lat' dir='ltr'>etsi</span> <span class='ocrx_word' id='word_1_167' title='bbox 1272 2852 1523 2939; x_wconf 85' lang='lat' dir='ltr'>saepius</span> <span class='ocrx_word' id='word_1_168' title='bbox 1548 2850 1878 2918; x_wconf 87' lang='lat' dir='ltr'>adversus</span> <span class='ocrx_word' id='word_1_169' title='bbox 1935 2851 2092 2919; x_wconf 87' lang='lat' dir='ltr'>illos</span> <span class='ocrx_word' id='word_1_170' title='bbox 2131 2859 2198 2920; x_wconf 90' lang='lat' dir='ltr'>et</span> <span class='ocrx_word' id='word_1_171' title='bbox 2264 2853 2414 2921; x_wconf 89' lang='lat' dir='ltr'>sine</span> <span class='ocrx_word' id='word_1_172' title='bbox 2455 2854 2668 2921; x_wconf 89' lang='lat' dir='ltr'>modo</span> 
     </span>
     <span class='ocr_line' id='line_1_24' title="bbox 632 2958 2660 3047; baseline 0 -22"><span class='ocrx_word' id='word_1_173' title='bbox 632 2979 753 3047; x_wconf 88' lang='lat' dir='ltr'>per</span> <span class='ocrx_word' id='word_1_174' title='bbox 781 2959 1201 3047; x_wconf 84' lang='lat' dir='ltr'>impietatem</span> <span class='ocrx_word' id='word_1_175' title='bbox 1229 2964 1429 3045; x_wconf 86' lang='lat' dir='ltr'>atque</span> <span class='ocrx_word' id='word_1_176' title='bbox 1476 2958 1862 3025; x_wconf 83' lang='lat' dir='ltr'>irrisionem</span> <span class='ocrx_word' id='word_1_177' title='bbox 1918 2966 2263 3046; x_wconf 79' lang='lat' dir='ltr'>grassatus</span> <span class='ocrx_word' id='word_1_178' title='bbox 2324 2965 2452 3039; x_wconf 88' lang='lat' dir='ltr'>est,</span> <span class='ocrx_word' id='word_1_179' title='bbox 2485 2966 2660 3026; x_wconf 88' lang='lat' dir='ltr'>atta-</span> 
     </span>
     <span class='ocr_line' id='line_1_25' title="bbox 630 3063 2666 3154; baseline -0 -22"><span class='ocrx_word' id='word_1_180' title='bbox 630 3086 814 3143; x_wconf 88' lang='lat' dir='ltr'>men,</span> <span class='ocrx_word' id='word_1_181' title='bbox 860 3066 1422 3154; x_wconf 86' lang='lat' dir='ltr'>quotiescumque</span> <span class='ocrx_word' id='word_1_182' title='bbox 1451 3063 1701 3131; x_wconf 82' lang='lat' dir='ltr'>fabulae</span> <span class='ocrx_word' id='word_1_183' title='bbox 1736 3065 2085 3152; x_wconf 89' lang='lat' dir='ltr'>proposito</span> <span class='ocrx_word' id='word_1_184' title='bbox 2125 3064 2444 3153; x_wconf 87' lang='lat' dir='ltr'>religiosa</span> <span class='ocrx_word' id='word_1_185' title='bbox 2495 3086 2666 3133; x_wconf 88' lang='lat' dir='ltr'>con-</span> 
     </span>
     <span class='ocr_line' id='line_1_26' title="bbox 630 3169 2664 3257; baseline -0.002 -16"><span class='ocrx_word' id='word_1_186' title='bbox 630 3174 916 3241; x_wconf 78' lang='lat' dir='ltr'>veniunt</span> <span class='ocrx_word' id='word_1_187' title='bbox 946 3177 1345 3241; x_wconf 88' lang='lat' dir='ltr'>ornamenta</span> <span class='ocrx_word' id='word_1_188' title='bbox 1385 3177 1502 3239; x_wconf 91' lang='lat' dir='ltr'>aut</span> <span class='ocrx_word' id='word_1_189' title='bbox 1539 3169 1965 3237; x_wconf 88' lang='lat' dir='ltr'>consuetudo</span> <span class='ocrx_word' id='word_1_190' title='bbox 1997 3170 2278 3257; x_wconf 82' lang='lat' dir='ltr'>lyricam</span> <span class='ocrx_word' id='word_1_191' title='bbox 2311 3190 2664 3239; x_wconf 86' lang='lat' dir='ltr'>sacrorum</span> 
     </span>
     <span class='ocr_line' id='line_1_27' title="bbox 627 3275 2664 3367; baseline -0.002 -19"><span class='ocrx_word' id='word_1_192' title='bbox 627 3280 1153 3349; x_wconf 88' lang='lat' dir='ltr'>celebrationem</span> <span class='ocrx_word' id='word_1_193' title='bbox 1169 3278 1577 3367; x_wconf 86' lang='lat' dir='ltr'>expostulat,</span> <span class='ocrx_word' id='word_1_194' title='bbox 1611 3277 1722 3365; x_wconf 90' lang='lat' dir='ltr'>pio</span> <span class='ocrx_word' id='word_1_195' title='bbox 1753 3295 1869 3343; x_wconf 91' lang='lat' dir='ltr'>ore</span> <span class='ocrx_word' id='word_1_196' title='bbox 1896 3281 1963 3342; x_wconf 91' lang='lat' dir='ltr'>et</span> <span class='ocrx_word' id='word_1_197' title='bbox 1995 3275 2272 3342; x_wconf 88' lang='lat' dir='ltr'>sublimi</span> <span class='ocrx_word' id='word_1_198' title='bbox 2293 3276 2664 3344; x_wconf 88' lang='lat' dir='ltr'>instinctus</span> 
     </span>
     <span class='ocr_line' id='line_1_28' title="bbox 628 3382 2659 3475; baseline -0.003 -20"><span class='ocrx_word' id='word_1_199' title='bbox 628 3387 1164 3475; x_wconf 84' lang='lat' dir='ltr'>spiritu-precari</span> <span class='ocrx_word' id='word_1_200' title='bbox 1204 3388 1394 3453; x_wconf 86' lang='lat' dir='ltr'>visus</span> <span class='ocrx_word' id='word_1_201' title='bbox 1430 3391 1557 3453; x_wconf 90' lang='lat' dir='ltr'>est.</span> <span class='ocrx_word' id='word_1_202' title='bbox 1599 3382 1864 3449; x_wconf 88' lang='lat' dir='ltr'>Laudes</span> <span class='ocrx_word' id='word_1_203' title='bbox 1916 3383 2100 3449; x_wconf 88' lang='lat' dir='ltr'>enim</span> <span class='ocrx_word' id='word_1_204' title='bbox 2139 3383 2273 3449; x_wconf 77' lang='lat' dir='ltr'>illae</span> <span class='ocrx_word' id='word_1_205' title='bbox 2311 3390 2515 3470; x_wconf 87' lang='lat' dir='ltr'>atque</span> <span class='ocrx_word' id='word_1_206' title='bbox 2551 3384 2659 3449; x_wconf 89' lang='lat' dir='ltr'>in-</span> 
     </span>
     <span class='ocr_line' id='line_1_29' title="bbox 620 3484 2661 3578; baseline -0.002 -17"><span class='ocrx_word' id='word_1_207' title='bbox 620 3496 1015 3561; x_wconf 79' lang='lat' dir='ltr'>vocationes</span> <span class='ocrx_word' id='word_1_208' title='bbox 1054 3495 1124 3558; x_wconf 92' lang='lat' dir='ltr'>in</span> <span class='ocrx_word' id='word_1_209' title='bbox 1163 3493 1466 3559; x_wconf 85' lang='lat' dir='ltr'>Athenas</span> <span class='ocrx_word' id='word_1_210' title='bbox 1512 3484 1695 3578; x_wconf 84' lang='lat' dir='ltr'>ipsas</span> <span class='ocrx_word' id='word_1_211' title='bbox 1728 3486 2116 3555; x_wconf 88' lang='lat' dir='ltr'>redundant</span> <span class='ocrx_word' id='word_1_212' title='bbox 2145 3488 2661 3575; x_wconf 87' lang='lat' dir='ltr'>quodammodo</span> 
     </span>
     <span class='ocr_line' id='line_1_30' title="bbox 622 3594 2659 3687; baseline -0.004 -17"><span class='ocrx_word' id='word_1_213' title='bbox 622 3609 690 3671; x_wconf 90' lang='lat' dir='ltr'>et</span> <span class='ocrx_word' id='word_1_214' title='bbox 728 3601 939 3668; x_wconf 91' lang='lat' dir='ltr'>amori</span> <span class='ocrx_word' id='word_1_215' title='bbox 972 3601 1226 3667; x_wconf 86' lang='lat' dir='ltr'>civium</span> <span class='ocrx_word' id='word_1_216' title='bbox 1264 3600 1551 3687; x_wconf 85' lang='lat' dir='ltr'>patriam</span> <span class='ocrx_word' id='word_1_217' title='bbox 1595 3597 1909 3663; x_wconf 88' lang='lat' dir='ltr'>tellurem</span> <span class='ocrx_word' id='word_1_218' title='bbox 1951 3594 2462 3663; x_wconf 85' lang='lat' dir='ltr'>commendant.</span> <span class='ocrx_word' id='word_1_219' title='bbox 2520 3598 2659 3663; x_wconf 79' lang='lat' dir='ltr'>Ini-</span> 
     </span>
     <span class='ocr_line' id='line_1_31' title="bbox 618 3702 2661 3796; baseline -0.002 -22"><span class='ocrx_word' id='word_1_220' title='bbox 618 3709 773 3796; x_wconf 89' lang='lat' dir='ltr'>pius</span> <span class='ocrx_word' id='word_1_221' title='bbox 802 3706 869 3771; x_wconf 89' lang='lat' dir='ltr'>in</span> <span class='ocrx_word' id='word_1_222' title='bbox 910 3705 1152 3772; x_wconf 84' lang='lat' dir='ltr'>ceteris</span> <span class='ocrx_word' id='word_1_223' title='bbox 1206 3704 1348 3772; x_wconf 87' lang='lat' dir='ltr'>fere</span> <span class='ocrx_word' id='word_1_224' title='bbox 1379 3702 1730 3778; x_wconf 78' lang='lat' dir='ltr'>omnibUS,</span> <span class='ocrx_word' id='word_1_225' title='bbox 1773 3702 1840 3767; x_wconf 92' lang='lat' dir='ltr'>in</span> <span class='ocrx_word' id='word_1_226' title='bbox 1893 3722 1972 3769; x_wconf 93' lang='lat' dir='ltr'>eo</span> <span class='ocrx_word' id='word_1_227' title='bbox 2017 3703 2259 3770; x_wconf 87' lang='lat' dir='ltr'>saltem</span> <span class='ocrx_word' id='word_1_228' title='bbox 2300 3724 2460 3771; x_wconf 85' lang='lat' dir='ltr'>vere</span> <span class='ocrx_word' id='word_1_229' title='bbox 2503 3704 2661 3792; x_wconf 90' lang='lat' dir='ltr'>pius</span> 
     </span>
     <span class='ocr_line' id='line_1_32' title="bbox 618 3806 2661 3901; baseline -0.002 -20"><span class='ocrx_word' id='word_1_230' title='bbox 618 3818 821 3901; x_wconf 89' lang='lat' dir='ltr'>atque</span> <span class='ocrx_word' id='word_1_231' title='bbox 851 3810 1209 3899; x_wconf 82' lang='lat' dir='ltr'>religiosus</span> <span class='ocrx_word' id='word_1_232' title='bbox 1231 3809 1359 3876; x_wconf 87' lang='lat' dir='ltr'>fuit</span> <span class='ocrx_word' id='word_1_233' title='bbox 1387 3808 1902 3895; x_wconf 79' lang='lat' dir='ltr'>AristophaneS,</span> <span class='ocrx_word' id='word_1_234' title='bbox 1939 3806 2124 3894; x_wconf 91' lang='lat' dir='ltr'>quod</span> <span class='ocrx_word' id='word_1_235' title='bbox 2163 3808 2470 3875; x_wconf 87' lang='lat' dir='ltr'>Athenas</span> <span class='ocrx_word' id='word_1_236' title='bbox 2497 3830 2661 3876; x_wconf 88' lang='lat' dir='ltr'>suas</span> 
     </span>
     <span class='ocr_line' id='line_1_33' title="bbox 618 3913 2660 4006; baseline -0.003 -17"><span class='ocrx_word' id='word_1_237' title='bbox 618 3921 881 3989; x_wconf 89' lang='lat' dir='ltr'>sincera</span> <span class='ocrx_word' id='word_1_238' title='bbox 914 3922 1315 4006; x_wconf 87' lang='lat' dir='ltr'>prosecutus</span> <span class='ocrx_word' id='word_1_239' title='bbox 1344 3920 1448 3982; x_wconf 88' lang='lat' dir='ltr'>est</span> <span class='ocrx_word' id='word_1_240' title='bbox 1498 3913 1948 3980; x_wconf 88' lang='lat' dir='ltr'>admiratione</span> <span class='ocrx_word' id='word_1_241' title='bbox 1987 3932 2193 4000; x_wconf 88' lang='lat' dir='ltr'>quam</span> <span class='ocrx_word' id='word_1_242' title='bbox 2244 3914 2660 4002; x_wconf 83' lang='lat' dir='ltr'>religionem</span> 
     </span>
    </p>
   </div>
   <div class='ocr_carea' id='block_1_3' title="bbox 678 4148 1244 4209">
    <p class='ocr_par' dir='ltr' id='par_1_4' title="bbox 678 4148 1244 4209">
     <span class='ocr_line' id='line_1_34' title="bbox 678 4148 1244 4209; baseline 0.002 -14"><span class='ocrx_word' id='word_1_243' title='bbox 678 4148 695 4185; x_wconf 78' lang='lat'><strong>¹</strong></span> <span class='ocrx_word' id='word_1_244' title='bbox 738 4151 1023 4207; x_wconf 56' lang='lat' dir='ltr'>Baunonia,</span> <span class='ocrx_word' id='word_1_245' title='bbox 1050 4164 1129 4209; x_wconf 89' lang='lat' dir='ltr'>op.</span> <span class='ocrx_word' id='word_1_246' title='bbox 1164 4149 1244 4197; x_wconf 81' lang='lat' dir='ltr'>cit.</span> 
     </span>
    </p>
   </div>
  </div>
 </body>
</html>
