3167 5125
1429 526 1715 581 -51-

560 654 929 733 tyr-istrata
958 646 1044 716 ad
1083 666 1347 737 pacem,
1391 649 1485 716 ita
1523 649 1611 717 ad
1656 648 2078 718 deditionem
2108 650 2492 719 faciendam
2523 659 2592 722 et

559 758 926 846 imperium
1002 754 1464 823 abdicandum
1541 764 1875 846 cogantur
1912 760 1959 826 ¹.
2042 760 2588 849 Xenophaneum

557 862 730 931 illud
774 864 845 929 in
891 861 1397 965 mythologiam
1449 871 1940 952 argumentum
1987 870 2279 933 Nubibus
2319 888 2593 957 quoque

557 970 1008 1039 retractandis
1051 968 1408 1038 adhibebit
1459 972 1975 1061 Aristophanes,
2021 973 2361 1063 siquidem
2406 978 2589 1058 Infe-

555 1084 700 1147 rior
748 1100 993 1159 sermn,
1042 1079 1464 1168 argutiarum
1521 1079 2165 1169 impudentissimus
2215 1082 2584 1171 professor,

523 1186 808 1255 ‘illustri
835 1188 1023 1255 Jovis
1055 1187 1372 1275 exemplo
1401 1186 1752 1257 adulteros
1782 1188 2079 1257 absolvit
2109 1194 2164 1256 2.

645 1296 1048 1383 Quanquam
1095 1294 1308 1362 Graeci
1347 1314 1485 1362 non
1535 1294 1781 1363 eadem
1832 1296 2193 1365 severitate
2238 1316 2315 1365 ac
2358 1318 2488 1364 nos
2518 1297 2589 1364 in

559 1400 868 1468 moribus
920 1398 1314 1468 coercendis
1373 1400 1765 1482 utebantur,
1805 1423 2027 1491 neque
2056 1405 2269 1471 amori
2310 1424 2592 1492 corpora

561 1509 777 1597 magis
805 1528 1017 1597 quam
1049 1508 1654 1598 animosjungenti
1688 1510 1828 1577 ulla
1857 1510 2137 1579 infamia
2161 1512 2403 1591 inerat,
2442 1520 2589 1579 stu-

561 1634 678 1706 pra
713 1623 969 1693 tamen,
1016 1614 1376 1694 adulteria,
1410 1634 1782 1704 puerorum
1822 1638 2116 1699 amores,
2156 1639 2275 1707 pro
2314 1618 2591 1707 flagitiis

555 1723 770 1812 'vulgo
809 1722 1262 1806 habebantur,
1311 1722 1379 1788 in
1422 1734 1576 1811 quae
1628 1725 1839 1813 leges,
1876 1726 2211 1815 majorum
2248 1726 2583 1805 instituta,

559 1830 1132 1920 philosophorum
1159 1829 1535 1919 disciplinae
1565 1838 1683 1898 aut
1710 1850 1945 1921 poenas
1977 1832 2440 1911 decreverant,
2472 1840 2591 1900 aut

557 1958 837 2028 gravem
863 1937 1304 2006 intenderant
1335 1958 1720 2007 censuram.
1756 1940 1878 2006 Illa
1903 1945 2131 2008 tamen
2174 1940 2587 2033 flagitiorum

558 2065 810 2135 genera
842 2046 928 2112 ab
955 2046 1217 2134 origine
1255 2047 1346 2112 ita
1387 2046 1779 2135 theogoniae
1827 2046 2101 2115 fuerant
2144 2046 2471 2126 admixta,
2516 2053 2593 2114 ut

559 2160 736 2223 recta
767 2154 1180 2242 praevalente
1215 2154 1500 2234 ratione,
1533 2154 1961 2243 sapientibus
1994 2154 2155 2221 viris
2178 2156 2589 2243 praecipuam

557 2262 974 2329 infamandae
985 2261 1332 2351 religionis
1351 2262 1939 2351 suppeditaverint
1956 2260 2591 2342 materiam,deinde

559 2372 891 2438 comicam
937 2388 1237 2457 quoque,
1292 2370 1699 2437 necessitate
1754 2368 2046 2456 quadam
2100 2370 2349 2457 operiS,
2386 2370 2588 2435 lasci-

555 2476 740 2544 viam
791 2483 1266 2566 provocarent.
1324 2473 1638 2543 Addebat
1668 2476 1991 2543 stimulos
2030 2476 2173 2565 ipsa
2209 2472 2587 2543 Bacchana-

478 2603 484 2608 ·
559 2583 729 2652 lium
785 2585 1080 2653 ebrietas
1128 2591 1197 2652 et
1249 2583 1547 2662 licentia,
1579 2603 1734 2672 quae
1784 2583 2035 2672 flagitia
2080 2585 2308 2664 omnia
2361 2581 2593 2650 divina

562 2692 922 2761 videbatur
941 2692 1345 2760 auctoritate
1367 2696 1601 2779 tegere
1620 2697 1688 2758 et
1710 2690 2141 2778 voluptatum
2167 2691 2595 2758 inflammare

563 2801 940 2868 illecebras
977 2801 1058 2866 Et
1088 2801 1248 2886 quia
1293 2799 1463 2865 nihil
1500 2799 1719 2887 magis
1766 2797 1952 2886 vulgi
1990 2798 2294 2866 favorem
2326 2803 2593 2886 captare

563 2906 855 2985 valebat,
887 2905 1254 2993 imaginem
1281 2903 1568 2973 deorum
1593 2905 1919 2972 humanis
1946 2903 2125 2971 vitiis
2156 2906 2591 2993 flagrantium

561 3031 782 3101 usque
813 3011 896 3078 ad
919 3010 1270 3079 fastidium
1297 3015 1535 3080 comici
1563 3018 2077 3101 expresserunt,
2104 3013 2597 3099 Aristophanes

565 3123 796 3188 minus
834 3119 1061 3187 forsan
1117 3139 1322 3209 quam
1371 3121 1597 3202 ceteri,
1640 3121 1802 3187 satis
1834 3125 2065 3186 tamen
2104 3125 2177 3185 ut
2219 3119 2426 3207 hujus
2466 3119 2595 3184 im-

567 3227 833 3316 pietatis
863 3245 1004 3294 non
1046 3225 1384 3294 diceretur
1413 3248 1697 3316 expers;
1742 3245 1948 3316 quam
1990 3223 2431 3313 lepidissime,
2468 3225 2598 3292 etsi

564 3333 884 3415 breviter,
923 3351 1078 3400 cum
1111 3333 1492 3402 Pisthetaeri
1526 3334 1812 3401 consilio
1846 3331 2064 3400 voluit
2101 3331 2457 3419 quadrare.

652 3439 1076 3528 Jejuniorum
1127 3440 1333 3529 igitur
1371 3441 1556 3508 omni
1592 3458 1843 3529 genere
1871 3438 1956 3505 ad
1983 3437 2207 3506 foedus
2236 3459 2392 3506 cum
2433 3441 2594 3506 Avi-

561 3545 695 3614 bus
724 3545 1116 3614 faciendum
1167 3547 1602 3636 compellitur
1649 3547 2028 3634 Olympus:
2082 3545 2278 3614 adest
2336 3547 2459 3613 Iris
2509 3545 2593 3613 ad

564 3654 883 3720 homines
914 3654 1146 3732 missa,
1173 3673 1348 3740 quos
1381 3652 1467 3721 de
1498 3651 1844 3719 sacrificiis
1876 3659 2380 3733 commoneret;
2416 3673 2599 3720 com-

569 3761 914 3851 prehensa
967 3760 1053 3827 ab
1108 3757 1390 3840 Avibus,
1443 3759 1622 3827 inter
1678 3759 2073 3848 clangorem
2126 3767 2195 3828 et
2223 3760 2598 3827 tumultum

569 3868 758 3936 urbis
787 3869 896 3936 cui
925 3879 1148 3956 πόλεμος
1183 3881 1243 3936 οὐ
1273 3880 1434 3954 φατὸς
1475 3879 1613 3957 πρὸς
1642 3877 1784 3942 θεοὺς
1824 3869 2217 3958 suscipitur,
2264 3874 2422 3934 ante
2456 3867 2599 3934 Pis-

631 4107 649 4143 ¹
687 4111 797 4166 Δυ.,
822 4112 911 4158 566
937 4115 985 4157 et
1018 4123 1121 4167 seq,

630 4188 654 4223 ²
681 4189 824 4242 Nub.,
862 4193 995 4238 1080.
