3167 5125
1648 507 1825 561 -30
1866 537 1929 547 -

773 632 1078 699 convicia
1115 630 1366 699 deinde
1395 631 1466 697 in
1495 636 1763 699 exteras
1800 629 2327 719 superstitiones
2354 682 2371 709 ,
2404 650 2698 718 quarum
2730 629 2799 697 in

774 737 922 806 dies
951 738 1170 827 magis
1211 736 1558 805 crescebat
1602 736 1831 816 favor,
1854 738 2147 827 jactata;
2184 736 2455 805 vexatio
2506 735 2803 827 denique

775 844 1138 935 gentilium
1168 844 1480 925 deorum,
1513 864 1552 911 a
1600 843 1947 913 veteribus
1994 842 2487 912 celebratorum
2530 843 2804 913 vatibus

775 959 844 1020 et
874 972 992 1042 per
1028 958 1242 1021 totam
1279 952 1631 1031 Graeciam,
1668 972 1809 1019 non
1860 950 2211 1040 religionis
2257 956 2531 1018 tantum
2576 950 2803 1041 specie

771 1058 896 1127 sed
943 1057 1106 1127 boni
1146 1078 1424 1148 quoque
1470 1058 1725 1148 publici
1774 1077 2013 1139 causa,
2055 1057 2355 1127 honores
2419 1057 2801 1148 praecipuos

773 1166 1275 1255 usurpantium.
1311 1166 1472 1245 Quae
1511 1164 2379 1257 triajgenerarimpintatiS.
2420 1164 2549 1233 etsi
2592 1163 2801 1234 simul

767 1277 884 1339 aut
915 1292 999 1340 ex
1027 1272 1267 1341 ordine
1295 1272 1382 1339 ab
1424 1273 1881 1363 Aristophane
1925 1272 2205 1341 fuerunt
2258 1270 2593 1352 admissa,
2650 1291 2794 1340 non

765 1378 1082 1448 eamdem
1123 1378 1546 1469 portendunt
1591 1379 2020 1469 gravitatem.
2066 1378 2337 1447 Licebat
2389 1379 2683 1449 Athenis
2723 1380 2794 1447 in

767 1486 993 1555 cultus
1015 1493 1452 1575 apparatum,
1468 1487 1729 1577 quippe
1746 1487 1867 1576 qui
1884 1484 2319 1555 sacerdotnm
2340 1484 2561 1575 magis
2590 1503 2797 1574 quam

770 1592 1064 1661 deorum
1108 1612 1312 1683 opera
1371 1592 1781 1663 invaluisse
1798 1586 2199 1683 putabatur,
2244 1593 2543 1663 cavillari
2600 1599 2669 1660 et
2726 1593 2793 1659 in

765 1698 1181 1781 sacerdoteS,
1213 1701 1346 1768 nisi
1373 1700 1554 1769 inter
1579 1720 1790 1782 sacra,
1817 1700 2113 1769 ludibria
2146 1720 2540 1790 congerere,
2572 1718 2796 1787 neque

765 1805 1036 1895 legibus
1069 1812 1187 1874 aut
1223 1806 1725 1876 consuetudine
1752 1808 2143 1897 petulantiae
2171 1807 2269 1875 illi
2302 1806 2551 1875 modus
2581 1807 2796 1896 impo-

766 1913 1081 1983 nebatur.
1119 1915 1519 1983 Exterarum
1552 1914 2123 2005 superstitionum
2154 1914 2637 2003 persuasiones
2666 1932 2793 2003 aga

765 2020 1169 2111 grediendO,
1217 2022 1343 2091 etsi
1385 2021 1841 2103 sacerdotum,
1876 2020 2819 2110 quorumcommercioibnt¹

765 2129 1076 2209 obviam,
1120 2128 1397 2197 invidiae
1465 2128 1906 2220 prodebatur,
1974 2147 2013 2195 a
2078 2127 2361 2197 crimine
2426 2127 2839 2218 impietatis*

759 2234 1042 2303 omnino
1067 2241 1258 2304 tutus
1282 2242 1425 2305 erat
1455 2236 1782 2316 comicus,
1811 2236 1969 2324 quia
1998 2232 2543 2303 adventitiorum·
2578 2249 2817 2303 sacro-⁶

760 2363 911 2410 rum
951 2362 1239 2440 censura
1275 2342 1569 2432 gentiles
1604 2340 1772 2409 deos
1802 2347 1870 2410 et
1906 2362 1945 2408 a
1982 2340 2290 2431 patribus
2318 2341 2637 2411 traditam
2684 2362 2790 2410 re·
2820 2374 2829 2379 ·

759 2450 1084 2539 ligionem
1124 2448 1485 2519 videbatur
1514 2450 1712 2517 tueri.
1775 2450 2009 2537 Itaque
2046 2469 2129 2517 ex
2181 2448 2785 2544 impietatisargu-

657 2575 666 2584 ·
760 2558 1012 2626 mentis
1057 2577 1212 2646 quae
1265 2557 1584 2647 colligere
1638 2556 1750 2625 hic
1813 2555 2099 2646 placuit,
2138 2552 2235 2625 ea·
2278 2563 2546 2625 tantum
2608 2557 2837 2648 apud*

759 2666 1028 2733 Graecos
1072 2664 1387 2731 habitura
1440 2664 1719 2733 fuerunt
1770 2663 2024 2751 aliquid
2082 2665 2437 2745 momenti,
2496 2685 2652 2752 quae
2705 2679 2829 2732 ex*

760 2772 1008 2840 veteris
1040 2771 1390 2860 religionis
1421 2770 1677 2852 derisa,
1708 2791 1745 2839 e
1773 2772 2257 2858 mysteriorum
2289 2769 2788 2841 deformatione
2814 2795 2849 2806 ··

759 2877 1040 2944 ridicula
1068 2883 1374 2967 repetere
1399 2899 1810 2967 possumus;
1842 2886 2065 2947 cetera
2090 2897 2366 2946 morum
2380 2885 2785 2948 nostrorum
2820 2895 2823 2901 ²

754 2989 961 3072 atque
1014 2983 1535 3052 consuetudinis
1601 2985 1892 3054 recentis
1954 2985 2444 3074 exspectationi
2496 3005 2785 3075 respon-
2824 3018 2837 3021 ··

755 3091 944 3160 dent.
986 3092 1145 3170 Quae
1178 3091 1499 3182 praedicta
1528 3093 1674 3181 Jam
1713 3111 1899 3159 nunc
1938 3091 2319 3160 necessaria
2358 3099 2543 3173 sunt,
2583 3112 2671 3162 ne
2697 3092 2827 3161 ad·'

755 3204 1060 3267 nostram
1104 3199 1438 3267 rationem
1489 3198 2017 3288 Aristophanem
2072 3197 2441 3286 impietatis
2490 3200 2823 3267 insimu-·

751 3305 931 3374 lasse
971 3305 1351 3376 videamur.

1700 3644 1824 3717 31.

838 3863 1143 3943 Oracula,
1177 3867 1490 3953 portenta
1511 3863 1843 3933 divinitus
1862 3872 2121 3947 exorta,
2151 3861 2597 3950 initiationeS,
2629 3884 2779 3958 pre-

746 3989 881 4049 ceS,
919 3969 1246 4037 sacrificia
1276 3977 1342 4037 et
1367 3991 1647 4040 omnem
1679 3973 1905 4041 cultus
1932 3979 2330 4062 apparatum
2358 3994 2776 4064 componen-

741 4076 850 4144 dis
906 4075 1156 4144 fabulis
1222 4076 1506 4147 ridicule
1575 4079 2069 4169 Aristophanes
2126 4078 2472 4170 adaptavit
2520 4105 2533 4148 :
2578 4083 2783 4175 qu‘us

743 4183 1075 4250 irrisionis
1101 4184 1462 4252 innumera
1491 4185 1633 4255 fere
1660 4192 1823 4254 sunt
1852 4187 2264 4268 testimonia,
2294 4206 2517 4276 neque
2540 4193 2773 4296 tamen
