3167 5125
1383 483 1667 538 -25-

503 608 734 675 omnis
764 609 1158 698 impatienS,
1206 607 1539 697 provexit,
1590 606 1925 697 quid-quid
1964 627 2170 697 supra
2224 630 2537 679 commu-

505 736 668 785 nem
697 716 1024 805 surgebat
1053 736 1474 795 mensuram,
1507 714 1845 785 invidiosa
1878 715 2189 806 quadam>
2214 716 2536 806 maligni-

443 880 448 883 .
507 831 646 891 tate
685 806 1222 913 deprimebatur,
1272 826 1538 913 quoties
1591 824 1854 893 occasio
1897 822 2327 914 suppetebat.
2384 825 2533 892 Non

505 932 683 1001 bene
714 938 977 1020 poterat
1007 931 1208 999 rideri
1237 933 1367 999 nisi
1405 932 1491 1000 de
1524 933 2029 1012 eminentibus;
2067 938 2273 1020 atque
2300 950 2379 1000 ea
2406 930 2537 998 fuit

504 1040 850 1129 optimum
906 1059 1251 1127 quemque
1300 1039 1683 1109 lacessendi
1739 1039 2048 1119 facultas,
2108 1047 2183 1107 ut
2244 1040 2532 1108 deorum

477 1148 626 1236 ‘qui
653 1151 894 1213 natura
925 1166 1048 1213 sua
1080 1147 1416 1235 primores
1450 1153 1646 1216 erant
1678 1148 2091 1238 reipublicae,
2124 1146 2366 1215 eodem
2395 1146 2538 1215 fere

505 1255 658 1322 loco
683 1274 819 1342 quo
851 1254 1058 1323 ceteri
1089 1254 1530 1343 magistratus
1562 1254 2005 1324 haberentur.
2038 1254 2132 1323 De
2166 1272 2301 1343 qua
2329 1254 2537 1323 liber-

507 1368 647 1429 tate
691 1361 1226 1435 eminentissimi
1256 1362 1407 1443 viri,
1444 1364 1864 1431 comicorum
1897 1362 2143 1451 objecti
2186 1361 2533 1440 conviciiS,

505 1488 864 1557 nunquam
891 1470 1117 1558 questi
1148 1477 1338 1538 sunt.
1373 1472 1590 1549 Quem
1631 1470 2054 1539 infamarunt
2082 1470 2303 1563 magis
2332 1490 2539 1559 quam

506 1576 835 1645 Periclem
876 1578 1134 1655 ¹?Quis
1173 1578 1378 1646 etiam
1421 1579 1821 1649 auctoritate
1851 1598 1985 1647 sua
2030 1579 2297 1656 facilius
2340 1577 2539 1655 lasci-

507 1686 636 1755 viae
689 1684 978 1753 modum
1026 1686 1383 1775 imponere
1415 1688 1807 1777 potuisset!
1879 1689 2242 1777 Nunquam
2308 1694 2537 1757 tamen

508 1794 1000 1863 contumeliam
1061 1796 1395 1883 reposuit,
1459 1816 1819 1884 nunquam
1864 1796 2085 1865 voluit
2120 1797 2539 1865 comicorum

508 1904 888 1991 procaciam
920 1909 1299 1991 amputare.
1330 1901 1640 1971 Socrates
1670 1904 1934 1993 placido
1960 1906 2160 1975 vultu
2191 1906 2536 1995 propriam
2622 1956 2627 1961 .

509 2029 708 2077 suam
739 2009 1128 2079 irrisionem
1163 2012 1242 2099 ‘in
1285 2011 1552 2079 theatro
1586 2010 1922 2101 adspexit,
1981 2034 2205 2103 neque
2256 2014 2538 2103 iniuria-

509 2138 664 2185 rum
716 2119 1016 2187 servavit
1064 2120 1135 2185 in
1207 2120 1743 2209 Aristophanem
1800 2122 2201 2190 memoriam
2237 2126 2288 2189 2.
2340 2122 2539 2189 Falso

509 2245 677 2293 sane
703 2224 997 2293 traditur
1037 2226 1120 2293 ab
1166 2226 1513 2297 Alcibiade
1553 2229 1629 2295 in
1660 2229 2065 2318 Eupolidem
2094 2231 2309 2299 fuisse
2334 2233 2537 2299 saevi-

515 2340 660 2400 tum
697 2337 722 2380 3
747 2358 762 2399 :
792 2333 909 2421 qui
934 2333 1226 2401 Socratis
1259 2332 1662 2423 discipuluS,
1699 2336 2109 2425 ambitiosus
2138 2338 2443 2425 alioquin
2468 2343 2540 2405 et

507 2441 711 2509 famae
734 2440 1048 2530 cupiduS,
1080 2448 1272 2532 grato
1298 2443 1529 2511 animo
1570 2442 1965 2512 liberiorem
1992 2445 2061 2511 in
2090 2445 2357 2513 theatro
2384 2466 2539 2513 cen·
2586 2535 2592 2541 ·

509 2570 742 2618 suram
780 2554 1184 2639 accepturus
1217 2549 1432 2618 fuisse
1471 2549 1769 2619 videtur.
1804 2552 1953 2620 Non
1983 2550 2223 2620 eadem
2256 2551 2537 2641 quidem

511 2658 836 2747 patientia
892 2679 1058 2726 usus
1113 2677 1268 2726 esse
1314 2659 1470 2727 Cleo
1523 2659 1852 2739 traditur,
1898 2660 2018 2748 qui
2070 2659 2251 2728 haud
2322 2660 2536 2728 semel

507 2765 1036 2853 Aristophanem
1067 2766 1138 2832 in
1155 2768 1272 2856 jus
1301 2766 1547 2855 rapuit,
1583 2787 1725 2835 non
1745 2774 2023 2857 propter
2052 2769 2352 2838 convicia
2384 2789 2537 2856 quae

507 2872 679 2940 nulli
719 2872 947 2940 adhuc
997 2874 1131 2962 legi
1171 2873 1490 2942 adstricta
1519 2883 1738 2955 erant,
1777 2875 1901 2944 sed
1942 2878 2210 2965 privato
2244 2876 2535 2946 crimine

573 3130 591 3165 ¹
619 3133 889 3180 Lacessitus
916 3133 1012 3180 fuit
1037 3135 1247 3182 Pericles
1276 3149 1305 3182 a
1338 3136 1551 3191 Gratim,
1588 3137 1847 3196 Eupolide,
1880 3138 2145 3196 Hermippo
2171 3143 2319 3197 atque
2344 3139 2536 3186 Aristo-

509 3213 690 3272 phane.
723 3213 832 3262 vid.
864 3213 1106 3270 Achai-n..
1150 3217 1256 3264 530.
1304 3217 1546 3274 Maxuma,
1592 3219 1791 3276 Fraym.
1828 3231 1948 3265 com.
1982 3219 2091 3272 att„
2126 3219 2185 3275 11,
2232 3222 2274 3274 1,
2315 3221 2393 3275 61,
2432 3219 2534 3268 148.

511 3293 583 3340 Cf.
615 3295 920 3349 munuca,
969 3291 1168 3350 periet,
1210 3297 1255 3342 3.
1293 3297 1419 3356 Lego
1458 3297 1512 3344 in
1541 3298 1783 3356 opusculo
1811 3310 1822 3340 :
1866 3297 2193 3357 Aristophane
2226 3301 2273 3346 et
2308 3301 2530 3358 Socrate,

511 3377 706 3421 auctore
739 3376 828 3422 En.
874 3388 940 3422 nu
965 3377 1142 3430 Manu„
1176 3377 1327 3422 Revue
1361 3376 1444 3422 cles
1477 3379 1645 3423 Deux-
1651 3377 1861 3432 Mendes,
1890 3380 1960 3425 t·¹
1976 3378 2145 3436 juillet
2175 3379 2309 3436 1846,
2358 3394 2535 3430 comoe-

511 3455 607 3502 ‹11ae
643 3454 916 3502 libertatem
959 3459 1262 3514 amputatam
1293 3456 1446 3502 fuisse
1493 3469 1523 3502 a
1561 3457 1745 3503 Pericle
1780 3457 1909 3518 (lege
1951 3459 2140 3506 scilicet
2182 3460 2246 3520 μή
2284 3463 2538 3525 κωμῳδεῖν

510 3533 763 3596 ὀνομαστί.
797 3535 993 3590 Senon„
1019 3536 1209 3591 Avium,
1243 3538 1320 3592 67,
1353 3537 1415 3582 ad
1451 3537 1671 3596 Olymp„
1706 3540 1877 3596 85,1),
1910 3542 1963 3585 ut
1994 3539 2213 3587 ludibria
2242 3541 2364 3588 inse
2388 3556 2418 3589 a
2445 3555 2535 3589 co-

510 3614 658 3662 micis
687 3618 918 3674 congesta
955 3615 1289 3662 ulcisceretur.
1323 3616 1476 3664 Aliter
1515 3619 1763 3674 Mamm,
1788 3619 1829 3675 l,
1861 3617 1939 3665 40.
1982 3619 2103 3667 Sunt
2130 3620 2221 3678 qui
2248 3623 2539 3669 sacerdotali

514 3695 794 3743 auctoritati
806 3696 963 3754 legem
989 3697 1130 3744 illam
1159 3697 1468 3754 adscribunt,
1486 3711 1601 3756 quae
1614 3711 1701 3757 per
1726 3703 1818 3746 tres
1847 3702 2033 3748 tantum
2056 3713 2214 3748 annos
2240 3702 2471 3759 invaluit,
2492 3707 2540 3750 et

508 3775 695 3822 Pericle
724 3776 1079 3835 rempublicam
1109 3777 1274 3824 adhuc
1301 3780 1512 3833 tenente,
1541 3779 1726 3826 abolita
1750 3782 1851 3836 θεῖς
1878 3781 1971 3827 sub
1996 3781 2095 3831 flue
2120 3782 2319 3842 Olymp.
2345 3785 2421 3839 91,
2440 3797 2535 3832 ωε»

515 3855 672 3903 tituta.

571 3933 595 3968 ²
627 3937 798 3986 Ριυτ..
827 3938 890 3984 De
911 3935 1050 3984 libor.
1079 3938 1236 3996 educ„
1274 3939 1348 3995 14,
1383 3940 1628 3988 Socratem
1658 3941 1751 3988 sert
1774 3941 1961 3990 dixisse
1992 3959 2005 3991 :
2044 3939 2127 4000 Ὣς
2148 3944 2239 4010 γὰρ
2270 3944 2321 3994 ἐν
2350 3961 2539 4008 συμπο-

511 4018 604 4082 σίῳ
637 4017 831 4082 μεγάλῳ
851 4023 923 4082 τῷ
954 4019 1140 4083 θεάτρῳ
1161 4020 1470 4083 σκώπτομαι.

470 4143 478 4148 .
571 4095 594 4132 ³
639 4099 712 4146 Ita
734 4098 840 4162 jam
866 4100 1066 4154 emano.
1092 4099 1176 4147 ad.
1204 4101 1370 4153 Attio..
1399 4101 1477 4155 vl,
1525 4103 1567 4156 1,
1601 4103 1671 4148 18.
1715 4101 1787 4148 Cf.
1814 4103 1992 4154 Lanae,
2027 4097 2197 4165 Poma..
2230 4096 2391 4159 Aufr„
2424 4100 2513 4147 3⁹7

512 4179 756 4236 Mamur,
785 4180 970 4227 Hintor.
997 4181 1154 4229 critic.
1182 4181 1396 4237 comat,
1428 4184 1531 4234 119.
1565 4186 1614 4228 ot
1644 4184 1831 4242 Ranxn,
1867 4181 2113 4242 Aristopla.
2138 4182 2249 4239 vit„
2281 4182 2305 4246 ξ
2331 4185 2377 4230 9.
2408 4220 2413 4224 .
2460 4229 2465 4232 .
