3167 5125
1529 536 1599 551 ..
1634 506 1741 563 m
1776 538 1849 553 .-

681 632 1133 723 contem'plari
1183 633 1288 703 vir
1323 632 1749 723 ingeniosus,
1784 634 1913 703 etsi
1940 629 2435 722 philosophicis
2462 622 2707 702 abhor-

681 758 840 807 rens
869 738 1474 829 disputationibuS,
1504 740 1673 829 quin
1689 738 2029 829 judicium
2060 758 2291 817 suum,
2318 756 2551 807 errore
2587 757 2707 825 pu-

683 844 860 915 blico
895 838 1378 928 deformatum,
1424 848 1794 919 immutare
1824 846 2139 917 voluerit.

767 957 1060 1021 Nubibus
1107 952 1450 1023 damnatis
1497 952 1584 1023 de
1616 954 1871 1042 quibus
1918 972 2111 1043 spem
2163 970 2487 1041 magnam
2536 970 2706 1019 con-

679 1068 950 1150 ceperat
977 1067 1236 1142 auctor,
1289 1062 1388 1129 ira
1425 1062 1727 1151 primum
1778 1060 2028 1131 deinde
2068 1059 2407 1131 dubitatio
2452 1058 2709 1127 invasit

679 1169 828 1258 ejus
881 1169 1230 1250 animum;
1282 1168 1767 1239 labefactatum
1820 1168 2155 1258 judicium
2214 1166 2403 1255 quod
2456 1164 2709 1233 fabulae

677 1275 1030 1364 proposito
1075 1275 1460 1365 subjectum
1501 1281 1681 1355 erat;
1726 1294 1905 1344 nova
1952 1274 2239 1343 crimina
2258 1270 2710 1342 retractandas

679 1380 1011 1463 adhibita;
1058 1383 1238 1451 ultra
1279 1383 1576 1453 comicas
1614 1384 1933 1453 saevitum
1974 1382 2209 1471 leges;
2253 1398 2709 1471 suppressum

679 1488 976 1577 denique
1003 1510 1178 1579 opus
1207 1497 1326 1559 aut
1355 1491 1448 1559 ita
1473 1490 1869 1578 neglectum
1890 1496 1967 1559 ut
1992 1490 2143 1580 ejus
2166 1493 2439 1578 poetam
2488 1486 2711 1577 poeni-

680 1596 896 1665 tuisse
927 1596 1298 1667 verisimile
1327 1598 1438 1665 sit.

769 1703 960 1781 Quod
995 1724 1080 1772 ex
1110 1708 1321 1785 Peuci,
1359 1705 1625 1773 ultimae
1649 1705 1867 1773 nostri
1916 1704 2201 1773 nomine
2228 1702 2435 1773 editas
2460 1700 2714 1769 fabulae

683 1817 1092 1900 argumento
1118 1817 1322 1900 atque
1369 1811 1869 1901 compositione
1919 1811 2139 1901 magis
2189 1809 2423 1879 adhuc
2458 1809 2707 1879 elucet.

681 1918 926 1986 Mirum
958 1918 1122 1987 satis
1157 1918 1370 1987 videri
1399 1925 1627 2009 potest
1656 1939 1737 1989 ex
1760 1915 1875 1987 illa
1904 1918 2137 1987 fabula
2172 1938 2539 1989 censuram
2568 1937 2715 1985 om-

680 2044 842 2092 nem
894 2044 1034 2093 non
1085 2024 1661 2115 philosophorum
1719 2031 1989 2093 tantum
2046 2024 2173 2093 sed
2241 2025 2715 2115 sophistarum

677 2131 882 2199 etiam
909 2132 1026 2219 qui
1055 2130 1142 2201 ad
1169 2138 1516 2219 quaestum
1549 2131 1982 2221 disciplinam
2022 2152 2219 2201 suam
2258 2130 2712 2201 adolescenti·

678 2238 810 2307 bus
866 2237 1250 2318 tradebant,
1301 2258 1458 2307 esse
1511 2239 1885 2309 exclusam.
1920 2240 2186 2323 Nonne,
2227 2238 2287 2309 si
2326 2239 2399 2307 in
2442 2258 2523 2307 ea
2553 2237 2707 2326 opi-

680 2346 887 2415 nione
954 2365 1092 2433 qua
1173 2345 1390 2415 fretus
1447 2346 1681 2415 Nubes
1736 2352 2147 2427 correxerat,
2205 2344 2712 2433 Aristophanes

679 2452 1122 2533 constitisset,
1161 2452 1342 2521 ultro
1389 2451 1901 2541 quodammodo
1952 2451 2186 2519 fabula
2224 2455 2415 2518 Pauci
2442 2450 2711 2519 irrisio-

681 2581 842 2630 nem
882 2559 1152 2629 divitias
1191 2561 1611 2650 captantium
1645 2559 2024 2648 requirenS,
2059 2558 2150 2626 ad
2198 2580 2321 2628 eos
2382 2558 2713 2628 homines

681 2667 1146 2747 delabebatur,
1180 2668 1300 2755 qui
1329 2673 1494 2735 tunc
1540 2687 1661 2755 per
1710 2666 2019 2736 civitates
2068 2685 2348 2755 graecaS,
2386 2665 2713 2736 mercede

679 2774 908 2864 ampla
961 2781 1258 2863 accepta,
1319 2773 1727 2842 rhetoricam
1782 2775 2003 2840 artem
2074 2777 2146 2840 et
2214 2765 2713 2860 corruptricem

677 2878 1048 2968 quamdam
1074 2879 1480 2968 sapientiam
1507 2876 1891 2946 docebant?
1928 2877 2113 2954 Quos
2142 2897 2227 2946 eo
2259 2878 2482 2967 magis
2510 2878 2587 2945 in
2618 2877 2713 2946 fa-

679 2986 862 3055 bulae
917 2987 1342 3074 propositum
1407 2985 1709 3054 comicus
1760 2989 2243 3074 assumpturus
2282 2990 2453 3064 erat,
2520 2985 2715 3073 quod

681 3099 933 3173 Nubes,
995 3094 1051 3160 si
1111 3093 1484 3172 voluisset,
1537 3111 1677 3160 non
1739 3092 1883 3181 jam
1934 3098 2168 3180 posset
2236 3111 2467 3162 scenae
2516 3112 2711 3160 com-

679 3203 974 3270 mittere.
1037 3200 1368 3289 Sophistis
1423 3200 1633 3288 igitur
1683 3197 2024 3286 parcendo
2080 3219 2299 3285 quum
2374 3219 2486 3268 res
2561 3200 2716 3288 ipsa

675 3329 920 3378 eorum
987 3305 1462 3395 expostulabat
1527 3303 1915 3372 irrisionem
1938 3357 1957 3382 ,
2020 3306 2355 3372 metuisse
2432 3304 2718 3374 videtur

675 3414 1169 3503 Aristophanes
1219 3431 1309 3480 ne
1347 3416 1641 3478 Nubium
1696 3417 2053 3478 renovaret
2104 3412 2516 3480 memoriam
2542 3465 2561 3492 ,
2622 3431 2717 3482 ne

677 3521 967 3589 Socratis
1025 3520 1344 3608 cogitatio
1400 3518 1633 3606 paucis
1690 3520 1851 3584 ante
1910 3516 2113 3585 annis
2164 3516 2511 3588 interfecti
2588 3539 2715 3588 su·-

681 3628 858 3696 biret
883 3632 910 3693 ἲ

767 3732 942 3809 Quin
961 3731 1100 3824 imo
1120 3728 1377 3798 ultimae
1400 3728 1606 3816 hujus
1629 3727 1879 3794 fabulae
1895 3727 1979 3796 ab
2000 3729 2469 3820 Aristophane
2490 3729 2719 3800 doctae

677 3837 1109 3927 compositio,
1165 3835 1681 3924 persuasionem
1748 3835 2057 3923 suggerit
2137 3835 2518 3918 mentibuS,
2594 3856 2717 3904 co-

675 3948 936 4016 micum
960 3944 1264 4022 demum,
1308 3942 1558 4010 relictis
1627 3941 1989 4010 vetustatis
2038 3941 2395 4012 fautorum
2430 3944 2717 4014 ordini·

677 4055 831 4131 buS,
865 4052 938 4118 in
974 4055 1192 4118 castra
1216 4047 1853 4138 philosophantium
1890 4049 2242 4119 transisse.
2279 4050 2381 4118 Ne
2440 4049 2715 4119 diutius

677 4161 749 4236 in
782 4155 1211 4232 sacerdotum
1241 4154 1576 4238 irrisione,
1608 4153 2241 4250 dequajamautea
2279 4157 2503 4228 muita
2532 4177 2718 4254 pree-
