3167 5125
1330 505 1385 515 ..
1438 475 1509 532 73
1549 507 1616 516 .-

453 619 604 669 sam
644 603 663 648 ¹
704 624 721 668 ι
783 598 873 668 de
919 619 1052 688 qua
1106 599 1515 668 Plutarchus
1540 599 1690 668 haec
1719 599 1926 670 tradit
1959 603 1988 646 ²
2032 623 2046 666 :
2095 633 2117 663 ι
2173 609 2384 670 maim
2426 609 2494 670 τὰ

454 731 643 801 πρῶτα
670 725 759 780 καὶ
793 720 1107 801 περιδρομαὶ
1141 721 1389 786 κοπώδεις
1436 725 1526 780 καὶ
1564 720 1654 779 διὰ
1701 723 1926 786 σκότους
1952 723 2085 785 τινὲς
2117 720 2346 778 ὕποπτοι
2390 743 2495 779 πο-

450 838 592 907 ρεῖαι
618 831 707 887 καὶ
738 833 1004 887 ἀτέλεστοι
1026 845 1041 860 ·
1082 827 1199 887 εἶτα
1227 833 1333 908 πρὸ
1359 836 1452 887 τοῦ
1486 832 1666 894 τέλους
1699 835 1868 888 αὐτοῦ
1898 833 1990 887 καὶ
2019 830 2088 887 τὰ
2113 828 2256 886 διιυά
2285 831 2489 902 πάντα,

452 942 605 1016 φρίκη
649 941 739 996 καὶ
765 940 981 1016 τρόμος,
1013 941 1104 995 καὶ
1139 937 1293 1016 ἱδρὼς
1320 942 1409 996 καὶ
1440 941 1636 1017 θάμὸος
1668 954 1684 969 ·
1715 943 1770 995 ἐκ
1799 938 1854 995 δὲ
1902 942 2116 1013 τούτου,
2151 948 2252 1016 φῶς
2285 960 2337 996 τι
2367 942 2495 995 θαυ-

455 1049 649 1124 μάσιον
700 1051 1003 1110 ἀπήντησεν
1024 1093 1039 1119 ,
1070 1048 1105 1109 ἦ
1136 1049 1291 1106 τόποι
1338 1052 1561 1126 καθαροὶ
1602 1052 1692 1106 καὶ
1736 1052 1966 1127 λειμῶνες
1999 1047 2238 1116 ἐδέξαντο
2262 1093 2276 1120 ,
2325 1049 2496 1125 φωνὰς

454 1161 543 1214 καὶ
592 1162 822 1236 χωρείας
864 1163 956 1215 καὶ
1006 1161 1333 1236 σεμνότητας
1380 1162 1730 1238 ἀκουσμάτων
1782 1163 1924 1238 ἱερῶν
1967 1164 2058 1216 καὶ
2103 1162 2492 1238 φαντασμάτωυ

458 1271 617 1344 ἁγίων
646 1265 885 1342 ἔχοντες,
925 1292 979 1324 κ.
1018 1289 1067 1324 τ.
1105 1270 1156 1324 λ.
1202 1257 1576 1324 Lucianum
1610 1276 1884 1345 quoque
1907 1262 2258 1323 auctorem
2290 1254 2493 1323 habe-

457 1385 613 1434 mus
648 1365 675 1408 3
712 1361 799 1428 ab
829 1363 1117 1430 initiatis
1176 1362 1247 1428 in
1309 1362 1549 1450 templi
1597 1361 2091 1453 penetralibus,
2141 1363 2270 1428 iter
2317 1382 2490 1450 quo-

460 1469 834 1540 dammodo
865 1490 987 1559 per
1028 1471 1383 1537 Tartarum
1429 1470 1698 1551 confici,
1743 1491 1880 1558 quo
1932 1469 2183 1540 deinde
2227 1471 2301 1537 in
2331 1469 2491 1558 Ely-

458 1581 634 1646 siam
662 1577 1059 1646 felicitatem
1090 1576 1410 1646 evadant.

545 1687 669 1754 His
721 1685 1063 1774 praedictis
1128 1705 1271 1752 non
1326 1684 1496 1754 adeo
1554 1685 1849 1753 arduum
1901 1686 2028 1754 erit
2105 1685 2490 1775 perspicere

458 1792 626 1882 quid
658 1813 743 1860 ex
782 1790 1148 1858 Eleusiniis
1174 1791 1607 1861 solemnibus
1626 1793 2120 1883 Aristophanes
2150 1793 2237 1860 ad
2267 1797 2491 1860 Rana-

458 1923 621 1968 trum
679 1899 1111 1990 propositum
1163 1902 1598 1970 converterit.
1653 1903 1880 1970 Unum
1937 1902 2236 1992 primum
2305 1901 2490 1990 quod

458 2013 1087 2079 commentatorum
1118 2009 1405 2089 nemini,
1440 2010 1508 2076 ni
1552 2009 1772 2093 fallor,
1812 2010 2144 2078 hactenus
2177 2014 2490 2078 notatum

458 2122 616 2186 est:
670 2116 1015 2206 propriam
1067 2135 1315 2204 nempe
1365 2119 1852 2204 mysteriorum
1917 2118 2492 2207 significationem

458 2230 527 2294 et
544 2225 935 2292 universam
956 2225 1255 2313 speciem
1271 2223 1688 2292 formidandi
1705 2226 1968 2294 itineris
1989 2246 2110 2315 per
2130 2226 2492 2296 tenebrosa

457 2333 631 2413 loca,
681 2352 979 2421 quorum
1020 2331 1151 2400 sub
1206 2332 1392 2400 exit-u
1432 2353 1641 2400 sacrae
1699 2333 1953 2403 micant
1991 2334 2216 2415 taedae,
2250 2334 2488 2403 beato-

457 2460 613 2506 rum
642 2440 869 2508 nitent
898 2439 1123 2519 sedeS,
1171 2438 1543 2506 dulcisonae
1589 2458 1792 2508 voces
1846 2439 2274 2528 obstrepunt,
2313 2462 2490 2530 prae-

457 2548 595 2615 mia
632 2547 1055 2635 initiatorum
1104 2546 1556 2616 obversantur
1605 2548 1820 2616 oculis
1856 2549 1907 2615 4.
1964 2551 2246 2631 Παρωδίαν
2285 2548 2495 2637 igitur

455 2655 803 2723 habemus
832 2654 1341 2723 Eleusiniorum
1381 2676 1521 2723 non
1552 2657 1625 2724 in
1675 2676 1753 2725 ea
1787 2662 2052 2725 tantum
2101 2662 2294 2747 parte
2331 2678 2485 2745 quae

456 2763 826 2850 mysticum
864 2762 1155 2829 chorum
1184 2762 1471 2845 inducit,
1504 2764 1625 2832 sed
1679 2765 1748 2832 in
1785 2764 2110 2834 omnibus
2135 2765 2251 2834 vel
2281 2765 2480 2834 dictis

454 2871 567 2939 vel
595 2871 819 2951 factiS,
844 2893 998 2959 quae
1025 2871 1354 2940 Hercules
1383 2873 1686 2961 primum
1716 2873 1802 2942 de
1827 2874 2064 2943 inferis
2095 2873 2478 2955 cavillatur,

457 2978 705 3067 quibus
765 2984 1005 3069 postea
1045 3000 1203 3047 cum
1256 2979 1517 3046 Baccho
1573 2980 2070 3069 spectatoribus
2149 2981 2486 3051 interesse

456 3085 679 3153 datur.
710 3086 1008 3152 Imitatio
1035 3089 1267 3153 tamen
1293 3085 1409 3153 illa
1462 3107 1617 3173 quae
1656 3086 2142 3171 mysteriorum
2193 3087 2485 3153 formam

456 3198 673 3260 totam
742 3191 1201 3280 amplectitur,
1240 3193 1333 3258 ita
1371 3190 1786 3279 quibusdam
1846 3191 2130 3279 poeticis
2185 3192 2487 3259 artificiis

456 3298 765 3367 involuta
787 3303 915 3379 est,
935 3304 1012 3367 ut
1036 3299 1273 3365 multis
1303 3299 1415 3365 vix
1440 3298 1857 3366 intellectam
1884 3297 2097 3366 fuisse
2121 3298 2488 3369 verisimile

459 3406 572 3485 sit,
609 3411 727 3472 aut
757 3406 1003 3473 saltem
1033 3410 1311 3494 propter
1338 3406 1480 3472 vim
1519 3406 1849 3473 comicam
1881 3412 2298 3483 excusatam,
2333 3428 2488 3496 quae
2569 3495 2578 3502 .

455 3513 859 3602 gravissima
890 3533 1180 3600 quaeque
1226 3512 1538 3581 alacriter
1578 3519 1645 3581 et
1690 3514 1982 3581 innocue
2028 3514 2100 3579 in
2156 3513 2489 3583 solutissi-

444 3642 605 3719 mas
634 3622 916 3689 facetias
944 3622 1246 3689 verterit.
1290 3623 1525 3711 Neque
1557 3623 2073 3691 irreverentiam
2093 3628 2313 3712 poetae
2340 3624 2484 3691 cul-

454 3750 617 3819 pare
648 3734 993 3819 poterant,
1029 3729 1144 3817 qui
1178 3750 1314 3796 non
1348 3735 1489 3796 tam
1548 3730 1892 3799 Eleusinia
1937 3750 2142 3818 quam
2172 3730 2484 3820 philoso-

514 3944 529 3978 1
570 3946 848 4003 Lacum„
878 3948 1069 4004 lustin,
1099 3949 1135 4003 Ι,
1162 3951 1239 4004 21,
1274 3948 1349 3994 24.
1385 3949 1555 4005 smus„
1598 3950 1727 4007 Viry.
1755 3951 1894 4004 AEn.‚
1925 3950 2006 4005 1v,
2044 3951 2154 3995 609.

509 4022 535 4056 ²
572 4026 878 4078 Pnu‘rancn„
906 4026 1057 4085 Fray.
1090 4027 1149 4074 de
1173 4028 1351 4084 anim,
1384 4031 1462 4085 35,
1490 4029 1624 4089 apud
1655 4029 1823 4087 S‘ron.,
1851 4026 2008 4085 Flor.‚
2043 4029 2187 4085 CXX,
2219 4031 2296 4077 28.

511 4103 535 4138 3
566 4106 795 4163 Lucum,
826 4104 1044 4165 Catapl„
1078 4111 1152 4153 23.

511 4183 534 4218 ⁴
569 4186 713 4245 Han„
745 4186 837 4233 440
869 4190 915 4233 et
947 4200 1054 4249 seq.
