3167 5125
1507 531 1574 542 -
1617 501 1722 558 108
1758 515 1828 544 v·—·-

657 628 1007 696 miliariter
1073 627 1393 696 utebatur
1463 627 1778 708 PericleS,
1845 625 2217 717 impietatis
2261 617 2553 696 accusati
2615 633 2684 697 et

658 735 931 804 Phidias
988 734 1243 824 egregii
1308 733 1495 802 illius
1540 735 1665 802 viri
1717 735 1982 804 amicus
2027 741 2098 804 et
2143 735 2428 824 Aspasia
2483 755 2676 804 uxor.

618 843 1233 934 Philosophorum
1272 848 1505 911 tamen
1558 828 1772 909 libelli
1829 857 1952 930 per
2011 847 2224 908 totam
2263 839 2507 910 urbem
2539 859 2680 909 non

658 950 999 1020 desistunt
1037 950 1303 1041 evolvi-3
1334 970 1455 1038 per
1500 949 1870 1028 Socratem,
1907 950 2354 1036 Anaxagoreo
2403 948 2680 1016 instinc·

657 1067 801 1127 tum
829 1058 1091 1147 spiritu,
1132 1056 1253 1126 sed
1294 1049 1380 1124 ad
1410 1057 1649 1125 altiora
1695 1057 1840 1145 jam
1885 1062 2311 1145 pergentem,
2349 1056 2418 1124 in
2453 1055 2582 1124 viis
2613 1062 2684 1123 et

656 1164 1034 1258 gymnasiis
1062 1165 1397 1254 sapientia
1432 1163 1745 1252 apparuit
1774 1184 1791 1242 ;
1843 1182 2002 1230 cum
2034 1161 2378 1252 Euripide,
2419 1164 2682 1230 Anaxa-

658 1293 841 1362 gorae
870 1271 1108 1340 schola
1144 1290 1446 1360 egresso,
1487 1271 1830 1337 theatrum
1881 1269 2146 1338 invadit
2189 1277 2258 1338 et
2287 1271 2482 1338 festis
2509 1270 2682 1336 anti·

658 1399 951 1469 quorum
987 1379 1354 1446 numinum
1378 1375 1647 1458 diebus»,
1685 1377 1930 1445 Bacchi
1951 1375 2433 1445 commendata
2461 1382 2682 1466 patro-

658 1475 834 1555 cinio
860 1487 1039 1554 inter
1068 1505 1219 1552 aras
1241 1490 1309 1553 et
1334 1484 1570 1551 altaria
1601 1504 1832 1552 coram
1863 1489 1932 1551 et
1967 1483 2215 1572 palam,
2248 1502 2416 1550 ausa
2441 1489 2550 1552 est
2575 1483 2680 1551 lo-

654 1594 797 1682 qui.
856 1593 1197 1661 Socratem
1249 1592 1456 1682 igitur
1498 1597 1704 1679 atque
1755 1589 2148 1682 Euripidem
2185 1589 2683 1680 aggrediuntur

656 1700 701 1768 ii
742 1720 915 1788 quos
954 1717 1290 1767 novarum
1316 1717 1541 1765 rerum
1579 1695 1794 1765 studii
1831 1699 1900 1765 in
1923 1697 2070 1766 dies
2100 1697 2684 1786 percrebescentis

563 1831 567 1838 ·
658 1807 888 1887 taedet,
922 1806 1040 1894 qui
1070 1805 1489 1873 calamitates
1519 1803 1680 1873 inde
1736 1805 2132 1874 ominamur
2188 1805 2580 1895 reipublicae
2615 1812 2686 1873 et

661 1935 779 2003 per
808 1912 1158 1981 liberalem
1190 1911 1376 1978 illam
1407 1912 1846 2000 ingeniorum
1869 1914 2207 1982 culturam
2241 1918 2564 1981 verentur
2596 1933 2684 1987 ne

661 2020 920 2090 bellicae
968 2021 1257 2087 virtutes
1304 2018 1662 2088 elabantur
1719 2021 1992 2088 animis.
2051 2021 2314 2088 Horum
2365 2021 2684 2110 princeps

660 2135 730 2197 et
765 2128 1042 2217 ingenio
1076 2133 1143 2194 et
1174 2127 1339 2194 artis
1370 2147 1515 2194 suae
1552 2127 1947 2197 conditione
1988 2128 2480 2218 Aristophanes
2515 2152 2528 2194 ε
2565 2149 2683 2196 cu·
2745 2205 2756 2212 ,

650 2238 763 2325 jus
792 2255 933 2302 non
986 2234 1153 2302 libet
1200 2235 1269 2300 in
1326 2233 1717 2323 Euripidem
1773 2236 2255 2324 Socrat-emque
2309 2235 2686 2324 grassantis

660 2343 983 2432 speciem,
1048 2362 1084 2408 a
1134 2341 1367 2408 multis
1406 2343 1550 2430 jam
1613 2361 2032 2432 expressam,
2078 2343 2455 2412 instaurare
2482 2366 2500 2422 3
2562 2341 2685 2412 sed
2759 2401 2778 2413 .

658 2448 1007 2538 quomodo
1033 2447 1365 2518 adversus
1396 2447 1551 2516 illos
1609 2448 2110 2538 pro·veteribus
2155 2447 2463 2516 moribus
2501 2468 2684 2516 acer-

659 2556 833 2625 rime
872 2553 1267 2646 pugnandO,
1305 2555 1415 2623 vix
1448 2562 1517 2623 et
1556 2556 1790 2645 tragici
1821 2565 1890 2625 et
1923 2555 2318 2646 philosophi
2369 2555 2684 2646 impieta-

661 2671 801 2733 tem
866 2663 1055 2733 visus
1122 2664 1211 2729 sit
1284 2682 1545 2741 curare,
1615 2663 2150 2751 explorabimUS,
2213 2662 2298 2729 ab
2365 2663 2686 2753 Euripide

661 2772 909 2838 exorsi.
2100 2833 2105 2838 .

752 2878 1075 2951 Omnium
1090 2875 1525 2964 quoseadem
1550 2883 1716 2943 aetas
1737 2876 1914 2955 tulit,
1933 2897 2020 2945 ne
2043 2878 2383 2947 Socratem
2405 2876 2685 2965 quidem

662 2983 1073 3072 exceperim,
1106 2984 1223 3070 qui
1254 2983 1554 3071 ingenio,
1589 2982 1922 3063 doctrina,
1949 2984 2286 3073 elegantia
2318 2985 2679 3063 εει-11101118,

660 3090 1053 3165 divinorum
1099 3090 1702 3178 humanorumque
1733 3092 2122 3179 cognitione
2162 3091 2479 3159 homines
2519 3092 2686 3159 anti-

661 3197 942 3287 quitatis
994 3196 1282 3265 liberare
1336 3198 1630 3265 vinculis
1682 3203 1751 3264 et
1791 3198 2234 3285 exquisitiore
2263 3198 2550 3267 scientia
2587 3199 2686 3265 in—

660 3306 957 3373 formare
996 3311 1367 3383 tentarunt,
1420 3302 1776 3393 Euripides
1825 3306 1980 3392 jure
2047 3304 2408 3372 habebitur
2473 3326 2686 3394 praes-

661 3408 1115 3489 tantissitnu5‚
1154 3431 1292 3477 non
1327 3410 1481 3478 ideo
1514 3412 1741 3479 solum
1763 3410 1946 3498 quod
1973 3411 2254 3500 poeticis
2283 3413 2686 3501 sapientiam

662 3516 1171 3588 commendavit
1200 3502 1660 3605 facultatibus
1701 3517 1825 3585 sed
1869 3526 2031 3586 aute
2069 3520 2301 3587 omnia
2337 3520 2498 3607 quia
2529 3538 2686 3587 nas-

662 3625 884 3695 centia
912 3623 1279 3713 aequalium
1312 3645 1596 3691 suorum
1637 3624 1865 3693 studia
1914 3626 2284 3714 perspexit,
2331 3631 2399 3693 et
2437 3624 2550 3692 ad.
2581 3643 2688 3693 re-

662 3730 1053 3799 novandam
1097 3729 1600 3799 humanitatem
1623 3732 1760 3798 vim
1785 3751 1982 3799 suam
2004 3752 2286 3799 omnem
2309 3732 2600 3801 contulit
2635 3736 2684 3798 ¹.

661 3840 761 3905 Ita
792 3837 919 3904 sibi
942 3842 1375 3925 posterorum
1405 3830 1834 3905 conciliando
1866 3838 2418 3919 admirationem,
2451 3856 2689 3907 eorum

664 3943 1333 4013 animadversionem
1375 3949 1443 4011 et
1500 3944 1890 4013 inimicitias
1929 3945 2164 4025 subiit,
2196 3946 2311 4035 qui
2337 3945 2512 4013 falsa
2539 3965 2691 4035 spe-

624 4188 637 4201 ·
729 4178 746 4211 ¹
786 4178 857 4226 Cf.
886 4178 1241 4232 Madasuma,
1276 4176 1540 4227 Nachlwm.
1580 4175 1750 4237 Theol„
1788 4179 1965 4234 vl11‚·7
1990 4182 2038 4225 et
2059 4189 2162 4236 seq.
2210 4187 2215 4192 ·
