3167 5125
1246 473 1565 530 ..m-

389 603 771 694 discipulus
820 601 936 668 illa
988 602 1083 668 ita
1140 600 1527 688 neglexerit
1587 605 1705 666 aut
1741 597 2274 687 impugnaverit,
2339 603 2416 664 ut

392 710 721 799 temporis
747 709 853 776 sui
882 707 1115 776 indole
1144 706 1493 796 abreptuS,
1529 726 1688 773 cum
1707 705 2060 794 superiore
2109 705 2416 772 oratione

392 820 463 885 in
494 821 808 896 NubibuS,
844 815 1109 906 abjecto
1140 815 1365 904 priore
1389 812 1830 892 vestimento,
1874 811 2147 880 inimica
2187 816 2409 879 castra

392 923 741 992 videretur
770 927 1001 1012 petere
1038 925 1058 970 ¹
1102 946 1117 988 :

996 1143 1143 1220 Πρὸς
1162 1149 1265 1199 τῶν
1293 1145 1439 1211 θεῶν,
1478 1138 1694 1209 δέξασθέ
1719 1159 1822 1217 μου

1154 1241 1466 1318 Θοὶμάτιω,
1500 1241 1571 1305 ὣς

996 1328 1347 1417 ἐξαυτομολῶ
1371 1340 1507 1417 πρὸς
1534 1339 1699 1416 ὑμᾶς.

401 1603 593 1682 Quod
618 1602 874 1672 nedum
906 1603 966 1671 ei
1020 1610 1349 1692 tanquam
1398 1623 1699 1674 errorem
1728 1611 1845 1672 aut
1875 1605 2118 1674 vitium
2149 1604 2420 1696 objicia-

403 1732 579 1790 mus,
614 1709 895 1778 liberius
925 1711 1129 1778 etiam
1152 1716 1220 1778 et
1250 1709 1665 1798 pertinacius
1706 1711 2002 1780 velimus
2026 1713 2170 1800 jam
2210 1731 2247 1780 e
2272 1731 2419 1778 car-

402 1817 669 1885 ceribus
699 1816 784 1883 ah
814 1816 931 1885 illo
961 1815 1174 1886 fuisse
1213 1823 1635 1906 susceptum.

491 1923 813 1993 Obstabat
845 1945 1007 1993 vero
1046 1925 1416 2012 quominus
1458 1925 1810 2014 sapientiae
1857 1925 2104 1994 studiis
2161 1927 2422 1995 Aristo-

405 2032 665 2121 phanes
706 2031 1113 2100 concederet
1139 2039 1207 2100 et
1231 2031 1591 2100 comoediae
1626 2033 1840 2122 ipsius
1879 2033 2201 2116 conditi0,
2237 2033 2425 2122 vulgi

402 2136 726 2206 adstricta
775 2139 1242 2229 opinionibUS‚
1294 2160 1563 2208 necnon
1615 2141 1915 2208 civilium
1996 2160 2248 2220 rerum,
2286 2161 2422 2208 non

404 2246 713 2336 improba
737 2246 1018 2335 quidem
1047 2246 1171 2315 sed
1222 2267 1394 2315 caeca
1445 2249 1883 2328 existimatio,
1921 2267 2056 2335 qua
2108 2267 2246 2314 non
2293 2247 2425 2313 hu-

405 2354 754 2422 manitatis
778 2355 987 2422 totius
1010 2353 1131 2422 sed
1158 2354 1471 2422 factionis
1503 2354 1860 2444 cujusdam
1885 2353 2112 2420 fautor
2137 2353 2423 2422 exstitit.

404 2460 814 2549 Reipublicae
840 2481 1001 2528 eum
1028 2461 1580 2530 amantissimum
1633 2461 1992 2538 fateamur,
2040 2459 2288 2528 veteris
2319 2459 2424 2525 in-

407 2569 763 2648 nocentiae,
796 2568 1241 2649 fortitudinis,
1271 2569 1545 2657 pietatis
1589 2568 2025 2637 defensorem
2050 2567 2420 2634 bonorum-

402 2696 536 2764 que
584 2695 855 2743 morum
884 2674 1027 2743 fere
1056 2695 1327 2764 semper
1345 2676 1934 2765 propugnaculum
1969 2676 2024 2741 2.
2079 2673 2277 2742 Falsa
2319 2680 2420 2741 ta-

405 2802 565 2849 men
612 2780 949 2849 abductus
1004 2782 1253 2871 specie,
1291 2784 1529 2871 priscis
1589 2784 1976 2864 virtutibus,
2032 2782 2157 2853 etsi
2193 2802 2310 2851 eas
2342 2781 2427 2848 ab

407 2889 846 2977 antiquorum
894 2888 1224 2977 religione
1281 2890 1709 2979 segregabat,
1745 2897 2112 2979 novatores
2160 2891 2260 2958 ire
2302 2888 2428 2956 ob-

412 2996 590 3065 viam
621 2994 932 3077 credidit,
970 2996 1129 3084 quia
1161 2994 1509 3064 nobilibus
1536 2997 1785 3065 studiis
1816 3018 1992 3067 nova
2025 3001 2432 3086 aperuerant

406 3102 763 3183 curricula,
806 3108 875 3170 et
927 3103 1333 3192 religionem
1399 3102 1607 3171 simul
1659 3102 2227 3193 disciplinamque
2265 3102 2431 3168 civi-

410 3210 567 3277 tatis
596 3210 879 3277 rationis
916 3208 1371 3278 fundamento
1402 3210 1756 3300 imponere
1786 3214 2162 3278 tentarunt.

504 3315 726 3386 Liceat
754 3316 1047 3405 posteris
1080 3316 1208 3383 sibi
1246 3316 1573 3407 effingere
1605 3318 2043 3407 cogitatione,
2086 3315 2308 3404 qualis
2339 3322 2434 3384 at·

412 3424 562 3491 ticae
601 3422 959 3491 comoediae
989 3444 1143 3511 quae
1174 3424 1625 3492 tamillustria
1653 3425 1822 3492 artis
1853 3423 2268 3492 documenta
2296 3421 2436 3489 edi-

415 3530 536 3611 dit,
571 3531 801 3598 futura
860 3529 1103 3597 fuisset
1156 3530 1260 3598 vis
1317 3538 1521 3619 atque
1568 3537 1894 3621 potestas,
1947 3532 2002 3599 si
2047 3530 2130 3598 ad
2180 3534 2435 3598 rectam

414 3637 804 3705 divinorum
836 3637 1188 3705 seientiam
1214 3639 1764 3726 promovendam
1811 3639 2149 3708 Socratem
2192 3636 2434 3706 adver-

478 3895 497 3935 ί
534 3896 661 3949 Nub.
720 3900 857 3949 1103.

475 3979 499 4014 ²
521 3936 825 4041 Excipienda
838 3982 956 4027 sunt
986 3991 1098 4040 quae
1129 3976 1188 4029 de
1213 3978 1455 4031 adulterio
1479 3982 1608 4045 (Aa,
1636 3982 1765 4045 793),
1792 3985 1852 4033 de
1879 3977 2202 4048 παιδεραστίᾳ
2229 3974 2434 4043 (Equiti

400 4065 575 4123 ·1385),
603 4066 663 4111 de
685 4064 925 4123 pudicitia
959 4066 1081 4122 (Aa.
1110 4064 1468 4125 755)‚j00and0
1495 4066 1660 4115 emisit
1686 4084 1698 4115 ε
1725 4080 1903 4128 pauca,
1929 4061 2198 4115 silieentiae
2222 4060 2438 4112 bacche·-

417 4143 545 4191 nalis
569 4145 693 4191 ratio
722 4145 942 4206 habetur,
973 4145 1058 4191 sed
1085 4157 1142 4191 eo
1166 4146 1327 4205 magis
1356 4148 1658 4195 adnotanda.
