3167 5125
667 986 2268 1111 ARISTOP'HANES-

1019 1274 1520 1339 IMPIETATIS
1579 1274 1833 1341 REUS.

1143 1974 1719 2044 INTRODUCTIO.

1367 2238 1494 2301 §1.

419 2418 526 2461 CUR
565 2418 984 2463 nummulus
1021 2419 1374 2463 nummum
1413 2420 1579 2462 snum
1618 2420 1914 2463 summunt
1950 2419 2178 2462 summo
2221 2420 2445 2462 meur.

503 2621 872 2710 Dionysius
897 2676 913 2701 ,
949 2623 1432 2710 Syracusarum
1481 2629 1857 2710 tyrannuS,
1915 2619 2443 2711 Atheniensium

418 2749 648 2797 mores
677 2735 886 2818 atque
923 2730 1280 2819 ingenium
1310 2729 1774 2820 cognoscendi
1804 2729 2119 2820 cupidus,
2156 2727 2447 2797 traditur

419 2857 458 2904 a
487 2837 768 2908 Platone
793 2837 1234 2928 philosophO,
1262 2859 1468 2927 quem
1495 2838 1582 2908 de
1607 2839 1685 2908 ea
1710 2859 1785 2908 re
1812 2845 2253 2929 percontatus
2276 2844 2446 2916 erat,

419 2944 898 3034 Aristophanis
922 2945 1268 3034 accepisse
1292 2945 1691 3026 comcedias,
1724 2954 2048 3036 tanquam
2077 2945 2449 3036 perfectam

420 3051 800 3140 ingeniosae
839 3051 1393 3143 turbulentaeque
1438 3054 1734 3123 civitatis
1772 3055 2143 3144 imaginem
2182 3057 2231 3120 ¹.
2272 3053 2449 3120 Insi-

418 3180 552 3249 gne
591 3159 764 3228 illud
801 3160 889 3229 de
928 3163 1348 3230 comicorum
1387 3165 1689 3231 maximo
1723 3183 1764 3232 a
1799 3162 2105 3252 principe
2143 3160 2452 3251 philoso-

421 3267 715 3356 phorum
743 3267 1024 3337 editum
1051 3268 1413 3359 judicium,
1469 3271 1765 3360 posteris
1816 3289 2094 3358 quoque
2138 3288 2263 3358 pro
2302 3267 2454 3360 lege

421 3374 821 3443 habendum
852 3377 1004 3444 erit.
1034 3377 1186 3446 Non
1219 3398 1303 3448 eo
1334 3384 1564 3447 tamen
1597 3397 1806 3446 sensu
1840 3382 1916 3444 ut
1944 3397 2029 3445 ex
2058 3374 2457 3465 Aristopha-

333 3485 338 3489 ’
421 3483 530 3549 nis
566 3481 818 3551 fabulis
862 3503 974 3552 res
1013 3485 1233 3575 ipsius
1276 3492 1584 3576 tempore
1617 3492 1847 3576 gestas
1871 3540 1888 3566 ,
1944 3485 2251 3554 illustres
2290 3502 2455 3574 pace

421 3588 742 3678 belloque
769 3591 994 3673 viroS‚
1033 3593 1559 3682 magistratuum
1604 3593 1887 3663 consilia
1922 3600 1991 3662 et
2038 3593 2251 3661 totius
2290 3591 2455 3662 civi-

425 3695 592 3763 tat-is
625 3696 874 3786 agendi
902 3698 1390 3789 cogitandique
1421 3702 1757 3770 rationem
1789 3719 1998 3789 quam
2028 3698 2458 3770 exactissime

482 3927 502 3962 ¹
559 3927 809 3994 Ἄριστος).
849 3930 972 3994 βίος,
993 3933 1056 3979 1v
1085 3946 1097 3976 ε
1145 3931 1336 3997 πέμψαι
1369 3934 1458 3992 τὴν
1503 3931 1610 3998 Ἀρ.
1653 3933 1875 3993 ποίησιν.
1912 3932 2129 3982 notanda
2158 3937 2213 3980 ut
2242 3934 2412 3993 spuria
2446 3950 2457 3980 ε

421 4009 507 4066 τὴν
530 4009 660 4058 κατὰ
698 4009 988 4074 Σωκράτους
1035 4012 1086 4062 ἐν
1121 4013 1356 4077 Νεφέλαις
1387 4013 1685 4079 κατηγορίαν
1732 4016 1942 4073 (Ram,
1978 4015 2040 4062 de
2079 4013 2182 4061 vita
2208 4013 2458 4073 Aristoph.

423 4091 807 4149 commentatio),
837 4092 945 4139 sive
982 4093 1302 4158 κακηγορίαν.
1340 4096 1515 4156 (Bona,
1555 4094 1717 4143 auch.
1770 4095 1862 4143 der
1895 4094 2116 4144 dramae.
2152 4090 2463 4168 molestum,

423 4171 502 4226 111,
529 4173 576 4227 2,
595 4169 728 4231 246.)

1926 4257 1933 4264 ’
2034 4258 2061 4311 1
