3167 5125
1601 512 1918 567 -116—

743 636 1224 725 gravissimum
1256 635 1325 702 in
1385 640 1674 703 Nubibus
1714 636 1975 704 illatum
2030 636 2288 703 crimen
2340 638 2609 701 tuetur.'
2648 631 2769 699 Al-

749 751 895 811 tero
929 744 1114 811 enim
1159 742 1467 810 Socrates
1496 742 1745 810 dicitur
1775 764 1971 810 novae
1998 741 2507 831 superstitionis
2536 739 2774 828 generi

745 850 906 918 dare
947 871 1248 939 operam,
1289 863 1613 940 ψυχαγωγεᾳ
1654 852 1932 929 scilicet,
1987 856 2061 917 ut
2124 846 2433 916 Pisandri
2468 847 2771 913 animam

743 978 947 1045 quam
989 959 1210 1038 vivuS,
1250 965 1486 1047 utpote
1519 960 1788 1047 ignavia
1822 958 2119 1035 infamis,
2157 956 2503 1033 amiserat,
2540 974 2623 1022 ex
2661 954 2771 1021 in-

741 1062 903 1132 feris
934 1066 1280 1133 excitaret.
1333 1064 1512 1132 Illud
1563 1072 1791 1133 tamen
1836 1078 2149 1153 ψυχαγωγιῖ
2188 1063 2441 1151 duplici
2524 1083 2762 1140 sensu,

741 1176 977 1238 nostra
1013 1169 1293 1259 quidem
1348 1173 1711 1252 sententia,
1768 1174 1895 1239 erit
1934 1171 2443 1260 explicandum,
2478 1189 2768 1258 praeser-

742 1279 864 1345 tim
904 1299 1116 1365 quum
1169 1286 1436 1346 constat
1485 1279 1657 1347 nulli
1706 1300 2011 1367 unquam
2052 1279 2371 1346 Asiaticae
2432 1278 2769 1366 supersti-

743 1385 908 1452 tioni
957 1386 1298 1453 Socratem
1347 1386 1558 1455 fuisse
1607 1386 1943 1454 deditum.
2002 1386 2265 1475 Quippe
2313 1402 2589 1475 μαιευτικὴ
2651 1383 2785 1456 illa„

743 1491 1178 1560 celeberrima
1210 1494 1635 1581 significatur
1678 1490 2095 1581 philosophi,
2133 1513 2269 1579 qua
2308 1495 2653 1581 juvenum
2682 1489 2769 1555 ad

741 1618 815 1665 se
845 1597 1115 1666 allicere
1142 1606 1412 1668 mentes
1443 1600 1754 1668 docendo
1799 1606 1867 1667 et
1911 1599 2315 1669 delectando
2352 1618 2768 1666 consuesce-

737 1706 853 1772 bat
889 1710 938 1772 ¹.
977 1705 1207 1773 Altero
1240 1705 1490 1775 deinde
1523 1708 1862 1774 Rauarum
1890 1706 2063 1785 loc0‚
2100 1704 2184 1772 ad
2220 1705 2599 1773 idemillud
2627 1711 2766 1772 stu·

739 1813 932 1879 dium
969 1833 1103 1900 quo
1126 1814 1421 1901 juvenes
1451 1813 1985 1902 ingeniosissimi
2037 1812 2492 1880 trahebantur
2529 1812 2616 1879 ad
2642 1813 2767 1877 So-

739 1925 1017 1998 cratem,
1055 1918 1402 1997 alluditur,
1447 1920 1540 1987 ita
1598 1926 1673 1987 ut
1708 1920 1987 2008 indigne
2020 1940 2094 1987 se
2138 1920 2317 1988 ferre
2356 1922 2770 2009 profiteatur

735 2026 1252 2113 AristophaneS,
1286 2028 1356 2092 in
1387 2026 1627 2094 eadem
1657 2026 1824 2094 urbe
1850 2026 2239 2115 pedestrem
2270 2027 2771 2115 philosophan-

733 2132 904 2199 tium
934 2132 1323 2199 facundiam
1349 2154 1506 2200 cum
1537 2134 1754 2200 nobili
1786 2140 2138 2221 poetarum
2168 2141 2315 2202 arte
2347 2136 2414 2201 in
2446 2134 2767 2203 erudien-

733 2236 840 2305 dis
871 2236 1428 2326 delectandisque
1459 2240 1711 2321 civium
1729 2242 1975 2316 animis
1996 2242 2327 2309 aemulari.
2367 2241 2542 2319 Quid
2576 2242 2767 2309 enim

733 2343 820 2411 de
859 2344 1196 2411 comoedia
1225 2344 1535 2414 futurum
1568 2352 1735 2425 erat,
1776 2347 1832 2413 si
1880 2348 2340 2416 Athenienses
2388 2348 2769 2416 Socraticossa

734 2471 886 2517 rum
913 2450 1506 2519 adhortationibus
1536 2460 1770 2519 essent
1796 2453 2153 2523 obsecuti?
2192 2456 2457 2544 Nempe
2486 2456 2767 2525 deserto

733 2556 1004 2625 theatro
1041 2556 1158 2625 ubi
1205 2558 1583 2647 saepissime
1630 2558 1926 2628 facinora
1972 2561 2259 2630 deorum
2324 2563 2767 2650 heroumque

731 2663 1218 2730 deridebantur
1245 2666 1501 2733 comice
1530 2673 1649 2732 aut
1702 2667 1951 2754 tragice
2002 2669 2541 2750 exornabantur,
2598 2689 2767 2738 cura

729 2769 954 2834 omnis
995 2768 1294 2836 civilium
1357 2769 1907 2859 divinorumque,
1948 2793 1987 2840 e
2031 2775 2281 2860 quibus
2330 2797 2442 2844 res
2498 2776 2767 2844 ludicra

727 2871 911 2960 apud
953 2873 1213 2941 Atticos
1268 2876 1679 2964 praecipuam
1732 2880 2089 2946 materiam
2141 2881 2417 2968 haurire
2460 2882 2760 2964 solebat,

725 2978 979 3046 scholis
1010 2985 1078 3047 et
1104 2983 1480 3069 gymnasiis
1511 2982 1755 3052 fuisset
1793 2986 2139 3054 conclusa.
2174 2977 2279 3055 'Ita
2306 2989 2378 3054 in
2406 2990 2762 3058 Socratem

721 3090 1122 3174 ceterosque
1151 3088 1461 3176 ejusdem
1493 3091 1845 3178 sapientiae
1889 3099 2263 3162 sectatores
2316 3096 2754 3178 invehendO,

721 3203 842 3278 pro
870 3211 992 3259 sua
1020 3192 1228 3261 domo
1255 3194 1640 3263 decertasse
1657 3197 2186 3286 Aristophanem
2206 3207 2275 3268 et
2311 3203 2767 3290 prohibuisse

723 3316 809 3362 ne
869 3297 1302 3387 philosophia
1359 3302 1798 3389 praevalente,
1836 3324 1943 3372 ars
2003 3308 2267 3374 musica
2320 3308 2408 3374 ad
2452 3300 2765 3376 nihilum

725 3403 1080 3485 recideret,
1119 3408 1558 3476 manifestum
1588 3415 1715 3478 est.
1744 3409 1928 3477 Nihil
1969 3419 2198 3480 tamen
2241 3415 2312 3481 in
2356 3415 2467 3482 his
2519 3437 2766 3484 occur-

721 3507 808 3571 rit
837 3509 1022 3593 quod
1071 3513 1261 3598 prius
1301 3515 1370 3579 in
1424 3519 1743 3594 Ννιώῑῖηιεἡ
1759 3517 2037 3604 objecta·
2078 3520 2389 3614 crimina*
2420 3542 2767 3590 renovare

718 3617 834 3676 aut
863 3613 1290 3685 inflammare
1323 3619 1655 3687 videatur.

806 3715 871 3780 Si
899 3719 1050 3803 quis
1076 3721 1239 3788 inde
1263 3725 1580 3812 colligere
1632 3728 1795 3794 velit
1820 3730 2354 3819 Aristophanem
2405 3739 2577 3802 Aves
2626 3741 2765 3804 Ra-

714 3843 970 3904 nasque
1009 3823 1370 3896 docentem
1392 3831 1719 3922 abjecisse
1740 3838 2153 3903 sententiam
2182 3860 2395 3926 quam
2426 3848 2639 3912 antea
2662 3845 2767 3914 de

714 3927 982 3996 Socrate
1033 3933 1285 4012 tulerit,
1341 3936 1713 4005 levioribus
1782 3945 2208 4030 argumentis
2264 3949 2504 4035 magni
2540 3971 2764 4038 *pon-

771 4155 788 4188 ¹
825 4159 892 4203 Ita
919 4173 1115 4219 quoque
1139 4163 1224 4211 ΤΗ.
1252 4163 1406 4223 Kome,
1434 4168 1601 4216 adnot.
1626 4171 1689 4218 ad
1717 4169 1824 4230 Λα,
1856 4173 2005 4223 1555.-
