3167 5125
1182 488 1471 560 ...91-

304 635 511 706 quam
541 613 937 686 exstiterint
966 614 1155 704 apud
1193 635 1323 684 nos
1372 622 1493 684 aut
1548 616 1816 705 possint
1857 613 2156 686 'existere
2200 615 2342 688 :si-

304 723 589 811 quidem
618 723 1099 790 turbatissimo
1129 722 1503 810 superioris
1544 723 1778 790 saeculi
1801 725 2012 804 exitu,
2042 724 2342 794 liberiori

305 829 665 898 comoediae
702 836 753 909 1,
792 848 933 917 prae
960 829 1183 896 Attica
1214 833 1443 896 tamen
1494 829 2084 910 moderatissimae‚
2133 831 2344 900 silen-

308 938 477 1004 tium
507 944 617 1006 est
670 935 1013 1004 indictum
1064 942 1135 1003 et
1188 937 1443 1011 nostris
1496 957 1772 1026 quoque
1821 938 2346 1026 tempestatibus

307 1044 565 1132 egregii
594 1047 819 1132 poetae
840 1043 995 1110 sine
1037 1059 1291 1131 magno
1329 1043 1656 1131 periculo,
1689 1045 1820 1114 etsi
1875 1044 2200 1134 principis
2227 1051 2346 1114 aut

307 1149 470 1216 artis
498 1149 662 1218 tecti
700 1149 1107 1238 patrocinio,
1147 1149 1500 1237 religiosas
1526 1151 1732 1218 resin
1759 1169 2036 1218 scenam
2058 1171 2199 1218 non
2230 1170 2346 1238 po-

312 1263 591 1325 tuerunt
612 1256 881 1326 deferre
915 1260 967 1324 ².

1034 1631 1374 1680 Erimnrnuu
1407 1632 1485 1679 An
1522 1631 1545 1692 ξ
1584 1635 1627 1678 1.

398 1853 561 1920 Haec
613 1853 847 1920 omnia
904 1833 1285 1921 recensenti
1340 1860 1409 1922 et
1453 1853 1882 1942 percontanti
1933 1855 2050 1942 qui
2082 1855 2346 1926 Aristo-r

315 1959 565 2049 phanis
596 1960 803 2028 fuerit
846 1960 1119 2028 animus
1150 1961 1221 2026 in
1254 1960 1655 2032 aestimanda
1695 1962 1986 2048 mystica
2019 1965 2346 2051 temporis

318 2068 421 2134 sui
454 2067 817 2155 religione,
850 2067 1066 2134 haeret
1082 2066 1421 2156 judicium
1472 2088 1696 2157 neque
1727 2075 2040 2136 constare
2079 2068 2350 2138 videtur

320 2180 554 2241 utrum
584 2173 1095 2268 Eleusiniorum
1116 2176 1600 2262 mysteriorum
1622 2176 2074 2257 sanctitatem,
2100 2177 2348 2263 Diony-

320 2282 623 2370 siacique
649 2281 875 2348 cultus
908 2296 1289 2372 ἐνθουσιασμὸν
1321 2281 1557 2350 eadem
1594 2281 1868 2350 levitate
1915 2282 2025 2350 vel
2071 2282 2348 2378 audacia

318 2407 529 2476 quam
592 2388 1027 2455 Homericam
1098 2395 1163 2456 et
1224 2390 1606 2456 archaicam
1671 2382 2060 2457 Graecorum
2133 2388 2344 2456 fidem

322 2495 699 2575 vexaverit,
737 2515 824 2563 an
866 2501 1105 2565 contra
1148 2495 1681 2583 immunia-esse
1741 2497 1999 2564 comica
2060 2515 2349 2564 censura

322 2602 624 2671 voluerit
653 2610 721 2670 et
760 2609 1225 2691 spectatorum
1260 2604 1497 2693 pietati
1550 2602 2124 2672 commendanda.

409 2712 575 2788 Quae
628 2710 918 2797 quaestio
958 2714 1078 2776 aut
1140 2710 1225 2779 de
1271 2710 1606 2779 industria
1663 2717 1939 2801 propter
1988 2710 2350 2779 difficulta-

322 2824 463 2887 tem
505 2836 543 2883 a
578 2816 1239 2884 commentatoribus
1280 2824 1385 2885 est
1422 2818 1882 2905 praetermissa
1909 2818 2342 2906 plerumque,

322 2932 439 2993 aut
468 2924 872 2991 summatim
900 2928 1172 2991 tantum
1204 2944 1324 3012 pro
1361 2926 1695 3013 cujusque
1729 2924 2007 2992 arbitrio
2040 2931 2346 3004 tractata,

325 3032 421 3097 ita
450 3036 529 3117 ut
558 3050 747 3097 nunc
776 3036 1267 3119 praesumptam
1298 3030 1668 3120 quamdam
1701 3031 2180 3119 Aristophanis
2219 3031 2354 3119 pie-

327 3144 541 3205 tatem
582 3135 1166 3217 demonstrarent,
1218 3158 1423 3217 nunc,
1464 3136 1650 3225 quod
1694 3142 1924 3203 tamen
1974 3136 2207 3224 paucis
2251 3141 2357 3203 est

328 3249 764 3332 usurpatum,
811 3263 891 3310 ex
927 3244 1347 3311 comicorum
1372 3242 1644 3312 licentia
1689 3243 1756 3310 in
1817 3242 1946 3309 hac
1979 3242 2177 3333 patrii
2207 3241 2352 3310 cul-

331 3358 441 3418 tus
482 3357 675 3439 parte
706 3350 1034 3419 effrenate
1065 3357 1140 3418 ut
1190 3352 1259 3417 in
1302 3352 1546 3419 ceteris
1605 3350 1955 3431 saeviente,
2005 3352 2148 3439 jam
2207 3356 2354 3417 tum

334 3457 615 3547 orphica
646 3458 975 3545 mysteria
1006 3463 1074 3526 et
1100 3459 1431 3527 eleusinia
1468 3458 1922 3549 degenerasse
1965 3458 2174 3545 inque
2221 3476 2358 3524 me-

328 3584 472 3631 ram
528 3563 1116 3653 superstitionem,
1162 3566 1218 3633 si
1270 3561 1590 3654 unquam
1645 3585 1800 3632 vere
1864 3565 2182 3653 religioso
2215 3566 2358 3631 ins-

328 3671 540 3743 tincta
579 3668 833 3738 fuerint
862 3672 1131 3760 spiritu,
1173 3674 1474 3743 evasisse
1504 3671 2001 3741 contenderent
2035 3677 2086 3739 3.

418 3776 613 3855 Quod
652 3776 739 3843 ad
771 3798 899 3845 nos
928 3779 1197 3861 attinet,
1242 3781 1399 3868 quia
1452 3780 1735 3848 demum
1763 3800 1844 3848 ex
1875 3780 2360 3869 superstitibus

392 4006 411 4042 ¹
447 4000 857 4067 flammandam,
883 4012 947 4058 Le
969 4010 1191 4071 Mariaye
1218 4010 1276 4059 de
1298 4013 1496 4073 Fiyam.

384 4087 415 4121 ²
447 4092 658 4147 Aonian,
686 4095 747 4138 Le
778 4090 873 4137 Fils
897 4092 957 4139 de
982 4092 1205 4153 Giboyer.
1236 4094 1448 4145 Samon.
1488 4090 1776 4154 sbraphine,
1803 4093 1977 4142 Daniel
1999 4094 2190 4143 Roehat.

392 4168 415 4201 ³
452 4172 521 4217 lta
550 4171 651 4217 fere
677 4173 890 4231 Lenaea,
920 4171 1263 4233 Aqlaopham„
1300 4178 1389 4223 628
1417 4181 1467 4223 et
1490 4190 1595 4234 seq.
