3167 5125
1389 553 1641 607 ..5.-

587 675 719 745 Sed
768 675 930 765 quia
967 676 1130 744 artis
1186 677 1613 766 propositum
1662 678 1869 768 longe
1917 678 2097 747 ultra
2134 699 2409 749 morum
2456 684 2528 751 et

496 783 848 872 sapientiae
903 784 1078 853 fines
1117 790 1323 873 patet,
1364 805 1590 874 neque
1616 786 2017 855 innumeras
2053 786 2204 875 ejus
2260 784 2525 875 species

500 896 635 957 tam
666 890 868 959 arctis
897 891 1002 959 fas
1033 896 1176 959 erat
1212 891 1526 960 terminis
1559 890 1901 971 concludi,
1946 892 2073 958 etsi
2104 910 2267 959 -non
2306 890 2524 962 desti-

498 1003 728 1065 terunt
761 1004 1006 1086 poetas,
1057 998 1426 1095 ¹vulgarem
1476 998 1874 1087 opinionem
1927 997 2169 1074 secuti,
2220 997 2525 1088 discipli-

496 1124 655 1173 nam
717 1104 1083 1173 hominum
1135 1105 1276 1173 suis
1319 1104 1643 1194 operibus
1689 1103 2154 1194 praetender‘e,
2219 1108 2525 1174 attamen

497 1211 900 1281 necessitate
925 1212 1220 1301 quadam
1246 1212 1667 1281 ineluctabili
1686 1212 1972 1301 abrepti,
2003 1209 2527 1282 delectationem

491 1324 650 1386 ante
676 1319 905 1388 omnia
933 1326 1002 1388 et
1024 1339 1147 1408 per
1175 1321 1404 1387 omnia
1432 1320 1777 1408 prosecuti
1810 1324 1998 1389 sunt.
2032 1319 2130 1386 Ita
2178 1319 2413 1388 evenit
2445 1324 2522 1389 ut

493 1446 575 1495 ex
608 1426 818 1494 altera
847 1431 1037 1515 parte
1061 1427 1548 1516 legumlatores
1567 1426 1640 1494 in
1670 1424 2073 1493 ordinandis
2099 1426 2517 1507 civitatihUS,

495 1540 802 1601 oratores
849 1534 921 1600 in
974 1533 1400 1602 illustrandis
1446 1532 1741 1623 legibus,
1792 1532 2189 1623 philosophi
2228 1532 2528 1623 denique

493 1642 563 1708 in
597 1640 1007 1729 inquirendo
1038 1641 1203 1730 quid
1235 1640 1323 1708 ad
1362 1642 1561 1709 beate
1587 1640 1964 1709 vivendum
1995 1646 2179 1709 esset
2208 1641 2527 1710 efficacis-

495 1750 785 1828 simum,
822 1748 894 1815 in
933 1749 1065 1816 hoc
1095 1749 1566 1819 consentirent
1605 1754 1683 1815 ut
1722 1767 1805 1814 ex
1850 1746 2238 1815 liberalium
2277 1748 2527 1817 artium

493 1856 722 1924 studio
753 1870 1029 1924 morum
1057 1856 1452 1925 informatio
1477 1855 2005 1943 subsidiumque
2027 1854 2299 1945 pietatis
2331 1861 2522 1946 pete-

493 1970 714 2043 retur:
761 1984 844 2033 ex
880 1965 1092 2031 altera
1127 1985 1288 2033 vero
1330 1983 1575 2031 omnes
1613 1982 1970 2030 musarum
2014 1967 2327 2031 amantes
2368 1960 2523 2042 viri,

501 2072 854 2161 proprium
915 2093 1118 2140 suum
1183 2092 1382 2161 opUS,
1440 2071 1552 2139 vix
1608 2070 1886 2137 illorum
1934 2071 2197 2139 ratione
2248 2068 2520 2151 habita,

492 2185 831 2259 curarent,
866 2184 934 2248 et
987 2178 1297 2247 moribus
1323 2176 1779 2247 emendandis
1808 2178 2182 2266 pietatique
2209 2177 2526 2245 fovendae

495 2306 774 2376 operam
801 2288 1064 2355 nullam
1095 2293 1211 2354 aut
1237 2286 1648 2354 contrariam
1679 2290 2107 2373 praestarent.
2141 2284 2242 2352 Ita
2268 2284 2525 2353 factum

493 2400 599 2462 est
620 2398 696 2461 ut
715 2393 1152 2483 philosophia
1170 2396 1315 2484 jam
1332 2392 1493 2461 inde
1520 2413 1560 2460 a
1577 2392 1909 2482 principio
1932 2391 2152 2481 poetis
2177 2391 2267 2459 sit
2290 2389 2528 2460 adver-

493 2507 636 2571 sata
674 2505 721 2581 1,
759 2507 826 2570 et
858 2507 1223 2591 postquam
1262 2500 1349 2569 ad
1403 2518 1747 2569 summam
1780 2498 2241 2567 maturitatem
2274 2518 2525 2589 perve-

491 2611 614 2688 nit,
646 2609 778 2677 nisi
805 2629 923 2677 eos
954 2610 1070 2698 qui
1102 2609 1188 2678 de
1215 2608 1556 2676 industria
1579 2606 1667 2674 ad
1702 2605 2085 2676 docendam
2116 2595 2525 2696 sapientiam

490 2716 931 2798 elaborarint,
1001 2737 1038 2784 e
1107 2717 1382 2786 civitate
1438 2735 1562 2783 sua
1634 2707 2010 2805 ejiciendos
2085 2713 2431 2782 censuerit
2465 2717 2517 2783 2.

492 2824 713 2912 Vulgo
761 2829 996 2891 tamen
1055 2824 1220 2891 satis
1273 2824 1440 2907 erat}
1462 2828 1701 2913 poetas
1749 2820 2039 2912 publicae
2084 2821 2525 2890 delectationi

489 2930 653 2999 dare
683 2951 985 3020 operam,
1038 2930 1418 2998 dummodo
1448 2930 1879 3019 professione
1922 2927 2221 3018 quadam
2251 2928 2522 3019 sapien-

490 3037 602 3103 tiae
643 3040 711 3104 et
742 3036 1033 3125 pietatis,
1077 3037 1386 3124 speciosa
1416 3038 1637 3126 magis
1665 3056 1871 3126 quam
1916 3055 2101 3117 vera,
2142 3042 2520 3105 consuetu-

489 3143 632 3229 dini
686 3149 891 3231 atque
918 3143 1186 3232 legibus
1217 3143 1475 3232 aliquid
1506 3142 1988 3212 concederent.
2032 3142 2226 3222 Quod
2254 3142 2343 3213 de
2381 3163 2525 3211 om-

490 3250 694 3318 nibus
754 3251 975 3339 poetis
1056 3239 1536 3326 manifestum,
1601 3248 1690 3317 de
1749 3248 2023 3338 tragicis
2106 3248 2521 3338 comicisque

491 3359 788 3425 maxime
818 3363 1108 3427 constat.

577 3467 750 3534 Nam
790 3470 863 3532 ut
891 3465 1235 3554 publicam
1265 3464 1544 3532 Homeri
1572 3462 2076 3543 recitationem,
2119 3461 2272 3552 lege
2318 3483 2520 3533 cons-

491 3573 761 3640 titutam
807 3571 1242 3651 omittamus,
1285 3570 1492 3640 ceteri
1522 3590 1767 3639 omnes
1814 3569 2093 3638 nonnisi
2127 3582 2277 3638 rara
2306 3569 2519 3638 libro-

491 3702 644 3748 rum
668 3680 1288 3750 communicatione
1316 3680 1386 3745 in
1414 3678 1582 3746 urbe
1613 3675 2216 3757 diffundebantur;
2255 3674 2522 3744 drama-

431 3849 448 3862 .
486 3787 600 3856 tici
631 3787 904 3877 publico
929 3791 1122 3856 erant
1161 3786 1232 3853 in
1266 3783 1641 3875 patrocinio
1662 3783 1997 3865 collocati,
2034 3791 2103 3853 et
2132 3782 2293 3873 quia
2323 3804 2513 3872 spec-

489 3894 712 3962 tacula
764 3914 847 3962 ex
885 3891 1258 3984 gentilibus
1309 3892 1519 3961 sacris
1569 3896 1800 3960 ortum
1846 3895 2192 3981 ceperant,
2248 3894 2316 3958 et
2360 3890 2519 3979 quia

550 4146 570 4182 ¹
621 4148 790 4204 Pur„
823 4149 957 4207 Rep„
990 4147 1052 4203 X,
1089 4147 1179 4194 607
1213 4147 1268 4193 Β.

549 4226 574 4262 ²
610 4229 705 4286 Id„
730 4229 863 4288 Πομ,
891 4229 1016 4285 VIII,
1047 4229 1138 4276 5⁶8
1163 4227 1228 4284 Bt
1259 4227 1322 4285 X,
1355 4228 1443 4276 595
1467 4227 1507 4274 A
1535 4227 1583 4274 et
1610 4235 1715 4287 neq.
1741 4227 1901 4287 Low„
1922 4225 2026 4284 vn,
2057 4224 2149 4274 817
2174 4225 2233 4274 Δ.
