3167 5125
1497 480 1791 535 -42‘

622 604 710 673 ad
738 606 1046 675 Threicia
1077 604 1428 674 transtulit
1449 607 1761 685 numina,
1790 605 2113 675 Heracles
2137 623 2389 693 nempe
2409 609 2478 674 et
2506 606 2662 673 Bac-

623 712 796 780 chos
841 712 1322 796 multiformeS,
1362 734 1660 801 quorum
1708 714 1893 782 cultu
1952 712 2217 782 externi
2270 712 2661 782 sacerdotes

609 819 992 911 'populares
1033 820 1556 910 superstitiones
1594 840 1869 909 pascere
1924 828 1991 889 et
2036 820 2271 889 fovere
2316 819 2653 889 solebant.

626 929 709 995 Hi
753 946 992 996 revera
1029 927 1362 995 adversus
1405 928 1659 1016 patrios
1693 926 1860 996 deos
1893 928 2183 995 Athenis
2217 932 2285 995 et
2317 928 2386 995 in
2420 928 2655 1015 Olym-

625 1034 737 1123 pia
774 1035 928 1102 aula
983 1033 1287 1101 aemulari
1327 1024 1739 1103 videbantur
1783 1041 1853 1103 et
1898 1034 1983 1102 ab
2034 1036 2333 1124 antiquis
2384 1036 2655 1103 Graecos

627 1140 999 1209 avertendo
1043 1141 1201 1221 aris,
1248 1162 1538 1233 regnum
1586 1141 1714 1209 sibi
1768 1148 2105 1211 terrarum
2164 1142 2475 1230 coelique,
2534 1162 2655 1210 ex-

631 1253 819 1316 truso
847 1249 1013 1317 Jove
1043 1255 1110 1318 et
1131 1250 1375 1318 ceteris
1398 1236 1552 1328 diis,
1584 1249 1955 1318 vindicare.
1984 1250 2067 1317 Hi
2094 1252 2239 1338 jam
2268 1269 2502 1341 πατρῷοι
2534 1268 2655 1337 pro

626 1355 938 1445 Apolline
969 1362 1036 1424 et
1063 1358 1227 1425 Jove
1258 1357 1494 1425 multis
1524 1358 1592 1423 in
1626 1357 1896 1425 civitate
1936 1362 2100 1425 sunt
2124 1357 2281 1425 facti
2319 1362 2369 1423 ¹.
2400 1358 2477 1423 In
2518 1357 2651 1423 hos

631 1462 1050 1544 invehendo,
1085 1484 1163 1531 ex
1197 1465 1386 1532 omni
1420 1470 1612 1554 parte
1638 1464 2015 1532 doctissimi
2048 1465 2174 1532 viri
2201 1464 2440 1532 laudes
2469 1464 2657 1531 Aris-

631 1570 967 1659 tophanes
995 1571 1282 1640 meritus
1311 1577 1456 1640 est:
1496 1598 1529 1634 «-
1555 1571 2017 1639 Athenienses
2046 1576 2340 1651 accusat,
2378 1589 2655 1659 supers-

632 1676 854 1744 titioni
877 1678 1180 1766 cujusvis
1208 1679 1480 1767 generis
1503 1678 1799 1760 deditos,
1824 1698 2002 1747 nova
2035 1678 2360 1766 mysteria
2390 1698 2661 1767 semper

631 1784 986 1872 noxiasque
1030 1785 1398 1874 religiones
1448 1786 1950 1875 excogitantes,
2002 1786 2151 1873 ipso
2204 1785 2659 1875 philosophiae

634 1890 861 1959 studio
910 1892 980 1957 in
1022 1893 1232 1959 sacris
1272 1892 1554 1981 privatis
1601 1892 2029 1982 publicisque
2080 1894 2172 1959 ita
2220 1892 2546 1960 confusos
2593 1897 2660 1961 et

632 1998 1093 2087 perturbatOS,
1121 2004 1197 2066 ut
1223 2000 1427 2068 variis
1445 1999 1790 2067 erroribus
1812 1999 2147 2067 obnoxios
2170 2020 2244 2068 se
2267 1998 2654 2068 ostendant.
2740 2055 2745 2061 .

631 2105 886 2192 Ejicite,
913 2106 1030 2185 ait,
1057 2127 1210 2194 quae
1233 2106 1661 2175 extrinsecus
1687 2107 1795 2175 his
1816 2107 2077 2174 ultimis
2100 2108 2301 2175 annis
2324 2108 2395 2173 in
2417 2106 2656 2175 urbem

633 2210 1077 2292 invaserunt;
1115 2213 1335 2281 tollite
1369 2234 1600 2281 rerum
1639 2233 1975 2283 novarum
2009 2212 2315 2282 studium
2349 2214 2417 2281 in
2454 2213 2659 2282 rebus

633 2317 842 2385 sacris
864 2319 1051 2387 intus
1079 2318 1404 2408 domique
1427 2327 1743 2388 exortum
1773 2345 1786 2388 :
1818 2327 2103 2409 paterno
2124 2340 2317 2388 more
2339 2320 2470 2388 nisi
2491 2320 2659 2389 deos

635 2424 1020 2505 colueritiS,
1071 2428 1442 2515 quominus
1498 2426 1681 2495 urbs‘
1708 2428 1936 2497 subito
1977 2427 2295 2496 incendio
2343 2426 2659 2497 concidat

637 2552 776 2601 non
803 2532 1192 2624 impedietis
1223 2539 1278 2602 ἓ.
1322 2561 1356 2598 »
1786 2602 1793 2607 .

739 2647 832 2713 De
869 2645 1150 2714 nomine
1175 2644 1382 2733 igitur
1413 2643 1864 2710 Triballorum
1901 2663 2108 2732 quam
2140 2643 2487 2712 liberrime
2515 2643 2659 2712 Pis-

636 2754 1262 2840 thetaerusjocabur‚
1285 2751 1403 2840 qui
1429 2764 1722 2841 Τριὸαλλὸν
1754 2765 1861 2821 ἀπὸ
1888 2769 1980 2821 τοῦ
2010 2766 2338 2842 ἐπιτριβῆναι
2360 2750 2661 2820 defluere

635 2864 929 2932 affirmat
965 2865 1016 2926 3.
1070 2859 1541 2942 PrometheUS,
1596 2858 1887 2948 Olympo
1927 2859 2301 2950 transfuga,
2354 2860 2508 2927 illos
2538 2859 2658 2928 de-

636 2969 857 3062 pingit
887 2967 1212 3036 barbaros
1245 2964 1436 3045 deoS,
1471 2971 1909 3054 exasperatos
1946 2966 2149 3046 fame,
2184 2966 2514 3036 adversus
2545 2968 2657 3034 Jo-

635 3099 791 3147 vem
829 3076 1239 3146 rebellantes
1284 3078 1353 3143 et
1391 3078 1697 3142 extrema
1727 3093 2017 3162 quaeque
2050 3093 2361 3154 ausuros,
2398 3075 2469 3141 ni
2502 3094 2658 3142 cum

635 3184 878 3253 avibus
903 3190 1098 3274 pacto
1122 3181 1402 3261 foedere,
1430 3181 1540 3248 via
1561 3201 1799 3249 rursus
1819 3179 1899 3246 ad
1926 3186 2385 3248 commeatum
2404 3187 2653 3271 pateat.
2724 3211 2733 3216 ·

635 3293 1007 3361 Triballum
1050 3289 1302 3359 deinde
1330 3290 1402 3356 in
1448 3309 1653 3357 scena
1682 3288 1916 3357 videre
1960 3295 2066 3357 est
2097 3289 2151 3368 4,
2194 3289 2404 3357 atroci
2437 3290 2653 3370 vultu,

635 3400 918 3468 hirsutis
964 3398 1291 3477 crinibuS,
1322 3403 1481 3486 toga
1537 3397 1718 3464 male
1758 3395 2129 3476 defluente,
2184 3397 2292 3463 cui
2340 3396 2657 3486 indigna-

637 3506 915 3575 bundus
969 3505 1327 3573 barbaram
1383 3503 1831 3572 stoliditatem
1866 3504 2227 3593 Neptunus
2271 3504 2656 3594 exprobrat,

635 3613 1050 3684 facetissime
1078 3609 1524 3680 exclamando
1557 3635 1572 3677 ε

696 3848 715 3883 ¹
743 3849 853 3905 Av„
889 3848 1007 3894 1525
1037 3850 1087 3893 et
1111 3858 1214 3904 seq.
1237 3845 1312 3895 Οὔ
1339 3842 1448 3910 γάρ’
1468 3843 1565 3893 εἰσι
1593 3805 1963 3908 βάρὸαροιὶθεν
1982 3844 2010 3892 ὁ
2026 3841 2252 3906 πατρῷός
2285 3843 2415 3893 ἐστιν
2440 3839 2663 3901 Ἐξηκεσ-

635 3930 935 4062 τίδῖῃέιω,
958 4004 1207 4066 Aristoph.
1241 4005 1350 4061 vil„
1381 4003 1404 4064 ξ
1435 4006 1482 4052 9.

695 4084 720 4121 ⁸
743 4087 851 4143 Av„
886 4088 1024 4142 1530,
1063 4088 1199 4133 1520.

698 4164 893 4225 ⁴1hid.‚
927 4169 1045 4216 1565
1077 4170 1125 4214 et
1153 4178 1256 4228 seq.
