<?xml version="1.0" encoding="UTF-8"?>
<!DOCTYPE html PUBLIC "-//W3C//DTD XHTML 1.0 Transitional//EN"
    "http://www.w3.org/TR/xhtml1/DTD/xhtml1-transitional.dtd">
<html xmlns="http://www.w3.org/1999/xhtml" xml:lang="en" lang="en">
 <head>
  <title>
</title>
<meta http-equiv="Content-Type" content="text/html;charset=utf-8" />
  <meta name='ocr-system' content='tesseract 3.04.00' />
  <meta name='ocr-capabilities' content='ocr_page ocr_carea ocr_par ocr_line ocrx_word'/>
</head>
<body>
  <div class='ocr_page' id='page_1' title='image "./aristophanesimp01hildgoog_0130.png"; bbox 0 0 3167 5125; ppageno 0'>
   <div class='ocr_carea' id='block_1_1' title="bbox 1580 496 1901 553">
    <p class='ocr_par' dir='ltr' id='par_1_1' title="bbox 1580 496 1901 553">
     <span class='ocr_line' id='line_1_1' title="bbox 1580 496 1901 553; baseline 0 0"><span class='ocrx_word' id='word_1_1' title='bbox 1580 496 1901 553; x_wconf 70' lang='lat'>—114—</span> 
     </span>
    </p>
   </div>
   <div class='ocr_carea' id='block_1_2' title="bbox 725 620 2765 2743">
    <p class='ocr_par' dir='ltr' id='par_1_2' title="bbox 725 620 2765 2743">
     <span class='ocr_line' id='line_1_2' title="bbox 726 620 2759 713; baseline -0.001 -22"><span class='ocrx_word' id='word_1_2' title='bbox 726 624 912 693; x_wconf 77' lang='lat' dir='ltr'>illius</span> <span class='ocrx_word' id='word_1_3' title='bbox 935 629 1275 713; x_wconf 82' lang='lat' dir='ltr'>praccepta</span> <span class='ocrx_word' id='word_1_4' title='bbox 1307 622 1410 691; x_wconf 88' lang='lat' dir='ltr'>ire</span> <span class='ocrx_word' id='word_1_5' title='bbox 1439 622 1713 691; x_wconf 81' lang='lat' dir='ltr'>obviam</span> <span class='ocrx_word' id='word_1_6' title='bbox 1745 622 2053 712; x_wconf 71' lang='lat' dir='ltr'>putabat.</span> <span class='ocrx_word' id='word_1_7' title='bbox 2090 623 2189 691; x_wconf 89' lang='lat' dir='ltr'>De</span> <span class='ocrx_word' id='word_1_8' title='bbox 2221 620 2571 690; x_wconf 79' lang='lat' dir='ltr'>infamatis</span> <span class='ocrx_word' id='word_1_9' title='bbox 2596 640 2759 689; x_wconf 78' lang='lat' dir='ltr'>vero</span> 
     </span>
     <span class='ocr_line' id='line_1_3' title="bbox 731 727 2761 821; baseline -0.002 -21"><span class='ocrx_word' id='word_1_10' title='bbox 731 740 802 800; x_wconf 85' lang='lat' dir='ltr'>et</span> <span class='ocrx_word' id='word_1_11' title='bbox 837 730 1107 821; x_wconf 85' lang='lat' dir='ltr'>negatis</span> <span class='ocrx_word' id='word_1_12' title='bbox 1151 728 1553 797; x_wconf 84' lang='lat' dir='ltr'><strong>numinibus</strong></span> <span class='ocrx_word' id='word_1_13' title='bbox 1604 749 1903 817; x_wconf 87' lang='lat' dir='ltr'>quorum</span> <span class='ocrx_word' id='word_1_14' title='bbox 1949 728 2089 798; x_wconf 82' lang='lat' dir='ltr'>fide</span> <span class='ocrx_word' id='word_1_15' title='bbox 2136 734 2341 818; x_wconf 84' lang='lat' dir='ltr'>atque</span> <span class='ocrx_word' id='word_1_16' title='bbox 2384 727 2761 818; x_wconf 79' lang='lat' dir='ltr'>patrocinio</span> 
     </span>
     <span class='ocr_line' id='line_1_4' title="bbox 727 835 2763 928; baseline -0.002 -23"><span class='ocrx_word' id='word_1_17' title='bbox 727 838 1093 928; x_wconf 80' lang='lat' dir='ltr'>disciplina</span> <span class='ocrx_word' id='word_1_18' title='bbox 1120 835 1235 904; x_wconf 89' lang='lat' dir='ltr'>illa</span> <span class='ocrx_word' id='word_1_19' title='bbox 1275 842 1582 916; x_wconf 87' lang='lat' dir='ltr'>steterat,</span> <span class='ocrx_word' id='word_1_20' title='bbox 1637 855 1882 925; x_wconf 87' lang='lat' dir='ltr'>parum</span> <span class='ocrx_word' id='word_1_21' title='bbox 1912 836 2023 903; x_wconf 80' lang='lat' dir='ltr'>vel</span> <span class='ocrx_word' id='word_1_22' title='bbox 2082 836 2259 903; x_wconf 83' lang='lat' dir='ltr'>nihil</span> <span class='ocrx_word' id='word_1_23' title='bbox 2310 841 2523 915; x_wconf 85' lang='lat' dir='ltr'>curat,</span> <span class='ocrx_word' id='word_1_24' title='bbox 2554 840 2763 922; x_wconf 88' lang='lat' dir='ltr'>atque</span> 
     </span>
     <span class='ocr_line' id='line_1_5' title="bbox 729 942 2761 1036; baseline -0.002 -23"><span class='ocrx_word' id='word_1_25' title='bbox 729 946 1024 1036; x_wconf 89' lang='lat' dir='ltr'>impium</span> <span class='ocrx_word' id='word_1_26' title='bbox 1051 942 1444 1034; x_wconf 81' lang='lat' dir='ltr'>Euripidem</span> <span class='ocrx_word' id='word_1_27' title='bbox 1473 942 1792 1011; x_wconf 84' lang='lat' dir='ltr'>absolvit.</span> <span class='ocrx_word' id='word_1_28' title='bbox 1843 943 2017 1021; x_wconf 83' lang='lat' dir='ltr'>Quin</span> <span class='ocrx_word' id='word_1_29' title='bbox 2076 944 2241 1023; x_wconf 89' lang='lat' dir='ltr'>imo,</span> <span class='ocrx_word' id='word_1_30' title='bbox 2279 944 2421 1012; x_wconf 79' lang='lat' dir='ltr'>vim</span> <span class='ocrx_word' id='word_1_31' title='bbox 2480 960 2761 1011; x_wconf 87' lang='lat' dir='ltr'>omnem</span> 
     </span>
     <span class='ocr_line' id='line_1_6' title="bbox 725 1047 2761 1141; baseline -0.001 -24"><span class='ocrx_word' id='word_1_32' title='bbox 725 1051 1010 1141; x_wconf 87' lang='lat' dir='ltr'>ingenii,</span> <span class='ocrx_word' id='word_1_33' title='bbox 1056 1049 1448 1119; x_wconf 83' lang='lat' dir='ltr'>facundiam</span> <span class='ocrx_word' id='word_1_34' title='bbox 1497 1052 1858 1129; x_wconf 88' lang='lat' dir='ltr'>comicam,</span> <span class='ocrx_word' id='word_1_35' title='bbox 1893 1050 2359 1138; x_wconf 77' lang='lat' dir='ltr'>eloquentiam</span> <span class='ocrx_word' id='word_1_36' title='bbox 2419 1050 2541 1129; x_wconf 86' lang='lat' dir='ltr'>ira,</span> <span class='ocrx_word' id='word_1_37' title='bbox 2582 1047 2761 1116; x_wconf 89' lang='lat' dir='ltr'>indi·-</span> 
     </span>
     <span class='ocr_line' id='line_1_7' title="bbox 725 1154 2763 1247; baseline -0.001 -23"><span class='ocrx_word' id='word_1_38' title='bbox 725 1158 1075 1247; x_wconf 85' lang='lat' dir='ltr'>gnatione,</span> <span class='ocrx_word' id='word_1_39' title='bbox 1097 1164 1288 1227; x_wconf 86' lang='lat' dir='ltr'>metu</span> <span class='ocrx_word' id='word_1_40' title='bbox 1316 1176 1673 1227; x_wconf 86' lang='lat' dir='ltr'>accensam</span> <span class='ocrx_word' id='word_1_41' title='bbox 1698 1178 1915 1246; x_wconf 88' lang='lat' dir='ltr'>quum</span> <span class='ocrx_word' id='word_1_42' title='bbox 1942 1157 2361 1245; x_wconf 76' lang='lat' dir='ltr'>loquacitati,</span> <span class='ocrx_word' id='word_1_43' title='bbox 2398 1157 2491 1223; x_wconf 87' lang='lat' dir='ltr'>im</span> <span class='ocrx_word' id='word_1_44' title='bbox 2501 1154 2763 1245; x_wconf 86' lang='lat' dir='ltr'>puden-</span> 
     </span>
     <span class='ocr_line' id='line_1_8' title="bbox 727 1260 2763 1355; baseline -0.001 -24"><span class='ocrx_word' id='word_1_45' title='bbox 727 1266 862 1345; x_wconf 81' lang='lat' dir='ltr'>tiae,</span> <span class='ocrx_word' id='word_1_46' title='bbox 899 1264 1217 1355; x_wconf 68' lang='lat' dir='ltr'>ignaviae,</span> <span class='ocrx_word' id='word_1_47' title='bbox 1261 1264 1615 1345; x_wconf 72' lang='lat' dir='ltr'>socordiae,</span> <span class='ocrx_word' id='word_1_48' title='bbox 1656 1264 1858 1331; x_wconf 81' lang='lat' dir='ltr'>novis</span> <span class='ocrx_word' id='word_1_49' title='bbox 1888 1270 2055 1332; x_wconf 86' lang='lat' dir='ltr'>tunc</span> <span class='ocrx_word' id='word_1_50' title='bbox 2074 1264 2287 1343; x_wconf 76' lang='lat' dir='ltr'>vitiis,</span> <span class='ocrx_word' id='word_1_51' title='bbox 2332 1260 2763 1331; x_wconf 73' lang='lat' dir='ltr'>refrenandis</span> 
     </span>
     <span class='ocr_line' id='line_1_9' title="bbox 727 1368 2760 1459; baseline -0.001 -21"><span class='ocrx_word' id='word_1_52' title='bbox 727 1378 798 1438; x_wconf 86' lang='lat' dir='ltr'>et</span> <span class='ocrx_word' id='word_1_53' title='bbox 845 1369 1258 1439; x_wconf 80' lang='lat' dir='ltr'>damnandis</span> <span class='ocrx_word' id='word_1_54' title='bbox 1311 1370 1622 1453; x_wconf 77' lang='lat' dir='ltr'>adhibet,</span> <span class='ocrx_word' id='word_1_55' title='bbox 1662 1370 1831 1439; x_wconf 90' lang='lat' dir='ltr'>dum</span> <span class='ocrx_word' id='word_1_56' title='bbox 1862 1392 1947 1439; x_wconf 86' lang='lat' dir='ltr'>ex</span> <span class='ocrx_word' id='word_1_57' title='bbox 1970 1371 2183 1439; x_wconf 87' lang='lat' dir='ltr'>altera</span> <span class='ocrx_word' id='word_1_58' title='bbox 2224 1376 2414 1459; x_wconf 85' lang='lat' dir='ltr'>parte</span> <span class='ocrx_word' id='word_1_59' title='bbox 2460 1370 2577 1437; x_wconf 85' lang='lat' dir='ltr'>vix</span> <span class='ocrx_word' id='word_1_60' title='bbox 2621 1368 2760 1437; x_wconf 86' lang='lat' dir='ltr'>leni</span> 
     </span>
     <span class='ocr_line' id='line_1_10' title="bbox 726 1476 2763 1566; baseline 0 -23"><span class='ocrx_word' id='word_1_61' title='bbox 726 1478 872 1545; x_wconf 83' lang='lat' dir='ltr'>risu</span> <span class='ocrx_word' id='word_1_62' title='bbox 937 1484 1006 1545; x_wconf 88' lang='lat' dir='ltr'>et</span> <span class='ocrx_word' id='word_1_63' title='bbox 1060 1478 1294 1566; x_wconf 82' lang='lat' dir='ltr'>paucis</span> <span class='ocrx_word' id='word_1_64' title='bbox 1346 1482 1615 1545; x_wconf 88' lang='lat' dir='ltr'>tantum</span> <span class='ocrx_word' id='word_1_65' title='bbox 1668 1476 2007 1556; x_wconf 86' lang='lat' dir='ltr'>versibus,</span> <span class='ocrx_word' id='word_1_66' title='bbox 2056 1476 2224 1545; x_wconf 83' lang='lat' dir='ltr'>deos</span> <span class='ocrx_word' id='word_1_67' title='bbox 2292 1482 2559 1545; x_wconf 71' lang='lat' dir='ltr'>veteres</span> <span class='ocrx_word' id='word_1_68' title='bbox 2616 1482 2763 1545; x_wconf 62' lang='lat' dir='ltr'>‘tue-</span> 
     </span>
     <span class='ocr_line' id='line_1_11' title="bbox 731 1581 2762 1673; baseline -0 -23"><span class='ocrx_word' id='word_1_69' title='bbox 731 1590 888 1664; x_wconf 89' lang='lat' dir='ltr'>tur;</span> <span class='ocrx_word' id='word_1_70' title='bbox 932 1604 1148 1671; x_wconf 89' lang='lat' dir='ltr'>quum</span> <span class='ocrx_word' id='word_1_71' title='bbox 1179 1585 1518 1673; x_wconf 87' lang='lat' dir='ltr'>majorum</span> <span class='ocrx_word' id='word_1_72' title='bbox 1560 1584 1817 1665; x_wconf 85' lang='lat' dir='ltr'>virtuti,</span> <span class='ocrx_word' id='word_1_73' title='bbox 1852 1583 2279 1661; x_wconf 75' lang='lat' dir='ltr'>constantiae,</span> <span class='ocrx_word' id='word_1_74' title='bbox 2322 1581 2613 1651; x_wconf 74' lang='lat' dir='ltr'>castitati</span> <span class='ocrx_word' id='word_1_75' title='bbox 2645 1601 2762 1670; x_wconf 87' lang='lat' dir='ltr'>op-</span> 
     </span>
     <span class='ocr_line' id='line_1_12' title="bbox 728 1688 2759 1781; baseline -0.001 -24"><span class='ocrx_word' id='word_1_76' title='bbox 728 1692 970 1758; x_wconf 87' lang='lat' dir='ltr'>timam</span> <span class='ocrx_word' id='word_1_77' title='bbox 999 1691 1107 1759; x_wconf 89' lang='lat' dir='ltr'>sui</span> <span class='ocrx_word' id='word_1_78' title='bbox 1157 1692 1383 1781; x_wconf 86' lang='lat' dir='ltr'>operis</span> <span class='ocrx_word' id='word_1_79' title='bbox 1418 1698 1709 1781; x_wconf 87' lang='lat' dir='ltr'>partem,</span> <span class='ocrx_word' id='word_1_80' title='bbox 1771 1690 2349 1781; x_wconf 78' lang='lat' dir='ltr'>splendidissimis</span> <span class='ocrx_word' id='word_1_81' title='bbox 2392 1688 2759 1759; x_wconf 81' lang='lat' dir='ltr'>verborum</span> 
     </span>
     <span class='ocr_line' id='line_1_13' title="bbox 730 1796 2759 1887; baseline -0.001 -22"><span class='ocrx_word' id='word_1_82' title='bbox 730 1798 1368 1887; x_wconf 77' lang='lat' dir='ltr'>sententiarumque</span> <span class='ocrx_word' id='word_1_83' title='bbox 1413 1799 1838 1867; x_wconf 88' lang='lat' dir='ltr'>ornamentis</span> <span class='ocrx_word' id='word_1_84' title='bbox 1890 1798 2233 1867; x_wconf 84' lang='lat' dir='ltr'>illustrem</span> <span class='ocrx_word' id='word_1_85' title='bbox 2281 1797 2557 1876; x_wconf 86' lang='lat' dir='ltr'>dicavit,</span> <span class='ocrx_word' id='word_1_86' title='bbox 2594 1796 2759 1865; x_wconf 88' lang='lat' dir='ltr'>dum</span> 
     </span>
     <span class='ocr_line' id='line_1_14' title="bbox 731 1904 2760 1994; baseline 0 -23"><span class='ocrx_word' id='word_1_87' title='bbox 731 1906 965 1994; x_wconf 86' lang='lat' dir='ltr'>patriae</span> <span class='ocrx_word' id='word_1_88' title='bbox 1017 1904 1366 1993; x_wconf 86' lang='lat' dir='ltr'>religionis</span> <span class='ocrx_word' id='word_1_89' title='bbox 1431 1906 1668 1975; x_wconf 87' lang='lat' dir='ltr'>tutelae</span> <span class='ocrx_word' id='word_1_90' title='bbox 1717 1910 1785 1973; x_wconf 90' lang='lat' dir='ltr'>et</span> <span class='ocrx_word' id='word_1_91' title='bbox 1825 1904 2171 1985; x_wconf 83' lang='lat' dir='ltr'>laudihuS,</span> <span class='ocrx_word' id='word_1_92' title='bbox 2228 1905 2365 1972; x_wconf 88' lang='lat' dir='ltr'>nisi</span> <span class='ocrx_word' id='word_1_93' title='bbox 2399 1905 2469 1973; x_wconf 87' lang='lat' dir='ltr'>in</span> <span class='ocrx_word' id='word_1_94' title='bbox 2528 1904 2760 1991; x_wconf 83' lang='lat' dir='ltr'>lyricis</span> 
     </span>
     <span class='ocr_line' id='line_1_15' title="bbox 729 2002 2763 2101; baseline 0 -22"><span class='ocrx_word' id='word_1_95' title='bbox 729 2032 886 2100; x_wconf 84' lang='lat' dir='ltr'>quae</span> <span class='ocrx_word' id='word_1_96' title='bbox 942 2011 1326 2101; x_wconf 87' lang='lat' dir='ltr'>imperabat</span> <span class='ocrx_word' id='word_1_97' title='bbox 1384 2011 1814 2081; x_wconf 86' lang='lat' dir='ltr'>consuetudo</span> <span class='ocrx_word' id='word_1_98' title='bbox 1861 2011 2311 2093; x_wconf 73' lang='lat' dir='ltr'>carminibus,¹</span> <span class='ocrx_word' id='word_1_99' title='bbox 2348 2012 2575 2079; x_wconf 85' lang='lat' dir='ltr'>locum</span> <span class='ocrx_word' id='word_1_100' title='bbox 2621 2002 2763 2079; x_wconf 71' lang='lat' dir='ltr'>fere</span> 
     </span>
     <span class='ocr_line' id='line_1_16' title="bbox 729 2118 2763 2200; baseline -0.001 -15"><span class='ocrx_word' id='word_1_101' title='bbox 729 2119 1000 2186; x_wconf 90' lang='lat' dir='ltr'>nullum</span> <span class='ocrx_word' id='word_1_102' title='bbox 1033 2127 1150 2186; x_wconf 85' lang='lat' dir='ltr'>aut</span> <span class='ocrx_word' id='word_1_103' title='bbox 1181 2118 1549 2187; x_wconf 88' lang='lat' dir='ltr'>ridiculum</span> <span class='ocrx_word' id='word_1_104' title='bbox 1592 2119 1953 2200; x_wconf 85' lang='lat' dir='ltr'>concessit,</span> <span class='ocrx_word' id='word_1_105' title='bbox 1980 2118 2322 2188; x_wconf 85' lang='lat' dir='ltr'>affirmare</span> <span class='ocrx_word' id='word_1_106' title='bbox 2352 2118 2609 2197; x_wconf 84' lang='lat' dir='ltr'>licebit,</span> <span class='ocrx_word' id='word_1_107' title='bbox 2638 2119 2763 2183; x_wconf 90' lang='lat' dir='ltr'>im-</span> 
     </span>
     <span class='ocr_line' id='line_1_17' title="bbox 731 2224 2757 2315; baseline -0.001 -23"><span class='ocrx_word' id='word_1_108' title='bbox 731 2226 1057 2315; x_wconf 80' lang='lat' dir='ltr'>pietatem</span> <span class='ocrx_word' id='word_1_109' title='bbox 1111 2225 1242 2293; x_wconf 85' lang='lat' dir='ltr'>sibi</span> <span class='ocrx_word' id='word_1_110' title='bbox 1305 2225 1651 2315; x_wconf 79' lang='lat' dir='ltr'>Euripidis</span> <span class='ocrx_word' id='word_1_111' title='bbox 1700 2246 1839 2294; x_wconf 86' lang='lat' dir='ltr'>non</span> <span class='ocrx_word' id='word_1_112' title='bbox 1888 2225 2059 2295; x_wconf 88' lang='lat' dir='ltr'>adeo</span> <span class='ocrx_word' id='word_1_113' title='bbox 2125 2225 2584 2315; x_wconf 78' lang='lat' dir='ltr'>displicuisse,</span> <span class='ocrx_word' id='word_1_114' title='bbox 2641 2224 2757 2312; x_wconf 90' lang='lat' dir='ltr'>qui</span> 
     </span>
     <span class='ocr_line' id='line_1_18' title="bbox 731 2330 2759 2422; baseline 0 -22"><span class='ocrx_word' id='word_1_115' title='bbox 731 2338 967 2400; x_wconf 80' lang='lat' dir='ltr'>contra</span> <span class='ocrx_word' id='word_1_116' title='bbox 1003 2333 1076 2400; x_wconf 89' lang='lat' dir='ltr'>in</span> <span class='ocrx_word' id='word_1_117' title='bbox 1115 2352 1197 2401; x_wconf 93' lang='lat' dir='ltr'>eo</span> <span class='ocrx_word' id='word_1_118' title='bbox 1239 2332 1514 2401; x_wconf 88' lang='lat' dir='ltr'>videtur</span> <span class='ocrx_word' id='word_1_119' title='bbox 1541 2333 1759 2401; x_wconf 88' lang='lat' dir='ltr'>fuisse</span> <span class='ocrx_word' id='word_1_120' title='bbox 1796 2339 1873 2401; x_wconf 86' lang='lat' dir='ltr'>ut</span> <span class='ocrx_word' id='word_1_121' title='bbox 1902 2332 2235 2422; x_wconf 83' lang='lat' dir='ltr'>impietati</span> <span class='ocrx_word' id='word_1_122' title='bbox 2262 2332 2361 2400; x_wconf 85' lang='lat' dir='ltr'>illi</span> <span class='ocrx_word' id='word_1_123' title='bbox 2386 2330 2759 2401; x_wconf 82' lang='lat' dir='ltr'>assentire-</span> 
     </span>
     <span class='ocr_line' id='line_1_19' title="bbox 732 2430 2765 2529; baseline -0.001 -23"><span class='ocrx_word' id='word_1_124' title='bbox 732 2447 867 2520; x_wconf 81' lang='lat' dir='ltr'>tur,</span> <span class='ocrx_word' id='word_1_125' title='bbox 903 2458 1044 2507; x_wconf 86' lang='lat' dir='ltr'>non</span> <span class='ocrx_word' id='word_1_126' title='bbox 1073 2440 1302 2507; x_wconf 83' lang='lat' dir='ltr'>sol-um</span> <span class='ocrx_word' id='word_1_127' title='bbox 1341 2440 1502 2527; x_wconf 89' lang='lat' dir='ltr'>quia</span> <span class='ocrx_word' id='word_1_128' title='bbox 1525 2440 1672 2529; x_wconf 87' lang='lat' dir='ltr'>ipse</span> <span class='ocrx_word' id='word_1_129' title='bbox 1722 2430 1889 2509; x_wconf 86' lang='lat' dir='ltr'>deos</span> <span class='ocrx_word' id='word_1_130' title='bbox 1944 2458 2269 2527; x_wconf 82' lang='lat' dir='ltr'>sacraque</span> <span class='ocrx_word' id='word_1_131' title='bbox 2300 2458 2483 2527; x_wconf 79' lang='lat' dir='ltr'>saepe</span> <span class='ocrx_word' id='word_1_132' title='bbox 2518 2437 2765 2505; x_wconf 83' lang='lat' dir='ltr'>habuit</span> 
     </span>
     <span class='ocr_line' id='line_1_20' title="bbox 729 2544 2757 2637; baseline -0.001 -23"><span class='ocrx_word' id='word_1_133' title='bbox 729 2546 1056 2628; x_wconf 86' lang='lat' dir='ltr'>ludibrio,</span> <span class='ocrx_word' id='word_1_134' title='bbox 1078 2546 1204 2616; x_wconf 51' lang='lat' dir='ltr'>&gt;sed</span> <span class='ocrx_word' id='word_1_135' title='bbox 1234 2547 1442 2616; x_wconf 86' lang='lat' dir='ltr'>etiam</span> <span class='ocrx_word' id='word_1_136' title='bbox 1484 2546 1644 2635; x_wconf 86' lang='lat' dir='ltr'>quia</span> <span class='ocrx_word' id='word_1_137' title='bbox 1692 2567 1816 2637; x_wconf 88' lang='lat' dir='ltr'>pro</span> <span class='ocrx_word' id='word_1_138' title='bbox 1862 2547 1966 2617; x_wconf 90' lang='lat' dir='ltr'>eis</span> <span class='ocrx_word' id='word_1_139' title='bbox 2008 2554 2128 2615; x_wconf 86' lang='lat' dir='ltr'>aut</span> <span class='ocrx_word' id='word_1_140' title='bbox 2182 2545 2467 2614; x_wconf 87' lang='lat' dir='ltr'>ridicule</span> <span class='ocrx_word' id='word_1_141' title='bbox 2512 2544 2757 2624; x_wconf 83' lang='lat' dir='ltr'>oravit,</span> 
     </span>
     <span class='ocr_line' id='line_1_21' title="bbox 731 2653 1984 2743; baseline 0 -21"><span class='ocrx_word' id='word_1_142' title='bbox 731 2661 848 2722; x_wconf 86' lang='lat' dir='ltr'>aut</span> <span class='ocrx_word' id='word_1_143' title='bbox 877 2674 958 2723; x_wconf 84' lang='lat' dir='ltr'>ea</span> <span class='ocrx_word' id='word_1_144' title='bbox 996 2653 1365 2742; x_wconf 84' lang='lat' dir='ltr'>aliquando</span> <span class='ocrx_word' id='word_1_145' title='bbox 1395 2660 1631 2742; x_wconf 84' lang='lat' dir='ltr'>aperte</span> <span class='ocrx_word' id='word_1_146' title='bbox 1659 2655 1984 2743; x_wconf 86' lang='lat' dir='ltr'>prodidit.</span> 
     </span>
    </p>
   </div>
   <div class='ocr_carea' id='block_1_3' title="bbox 1682 3033 1808 3105">
    <p class='ocr_par' dir='ltr' id='par_1_3' title="bbox 1682 3033 1808 3105">
     <span class='ocr_line' id='line_1_22' title="bbox 1682 3033 1808 3105; baseline 0 -11"><span class='ocrx_word' id='word_1_147' title='bbox 1682 3033 1808 3105; x_wconf 76' lang='lat'>§3.</span> 
     </span>
    </p>
   </div>
   <div class='ocr_carea' id='block_1_4' title="bbox 729 3285 2774 4226">
    <p class='ocr_par' dir='ltr' id='par_1_4' title="bbox 729 3285 2774 4226">
     <span class='ocr_line' id='line_1_23' title="bbox 825 3285 2763 3376; baseline -0.002 -19"><span class='ocrx_word' id='word_1_148' title='bbox 825 3287 1024 3358; x_wconf 88' lang='lat' dir='ltr'>Nulla</span> <span class='ocrx_word' id='word_1_149' title='bbox 1059 3289 1204 3358; x_wconf 86' lang='lat' dir='ltr'>fere</span> <span class='ocrx_word' id='word_1_150' title='bbox 1232 3288 1520 3376; x_wconf 67' lang='lat' dir='ltr'>quaestio</span> <span class='ocrx_word' id='word_1_151' title='bbox 1565 3307 1801 3356; x_wconf 88' lang='lat' dir='ltr'>earum</span> <span class='ocrx_word' id='word_1_152' title='bbox 1848 3307 2005 3376; x_wconf 83' lang='lat' dir='ltr'>quae</span> <span class='ocrx_word' id='word_1_153' title='bbox 2054 3285 2141 3354; x_wconf 86' lang='lat' dir='ltr'>ad</span> <span class='ocrx_word' id='word_1_154' title='bbox 2192 3287 2457 3358; x_wconf 85' lang='lat' dir='ltr'>litteras</span> <span class='ocrx_word' id='word_1_155' title='bbox 2504 3307 2763 3376; x_wconf 59' lang='lat' dir='ltr'>graecas</span> 
     </span>
     <span class='ocr_line' id='line_1_24' title="bbox 737 3392 2763 3484; baseline -0 -21"><span class='ocrx_word' id='word_1_156' title='bbox 737 3394 1105 3484; x_wconf 80' lang='lat' dir='ltr'>pertinent,</span> <span class='ocrx_word' id='word_1_157' title='bbox 1150 3393 1369 3481; x_wconf 82' lang='lat' dir='ltr'>magis</span> <span class='ocrx_word' id='word_1_158' title='bbox 1403 3392 1764 3464; x_wconf 88' lang='lat' dir='ltr'>doctorum</span> <span class='ocrx_word' id='word_1_159' title='bbox 1822 3392 2185 3462; x_wconf 86' lang='lat' dir='ltr'>hominum</span> <span class='ocrx_word' id='word_1_160' title='bbox 2225 3392 2616 3463; x_wconf 84' lang='lat' dir='ltr'>sollicitavit</span> <span class='ocrx_word' id='word_1_161' title='bbox 2646 3415 2763 3462; x_wconf 86' lang='lat' dir='ltr'>cu·</span> 
     </span>
     <span class='ocr_line' id='line_1_25' title="bbox 733 3499 2764 3589; baseline -0 -21"><span class='ocrx_word' id='word_1_162' title='bbox 733 3521 880 3568; x_wconf 84' lang='lat' dir='ltr'>ram</span> <span class='ocrx_word' id='word_1_163' title='bbox 944 3505 1150 3588; x_wconf 88' lang='lat' dir='ltr'>atque</span> <span class='ocrx_word' id='word_1_164' title='bbox 1217 3499 1572 3588; x_wconf 80' lang='lat' dir='ltr'>ingenium</span> <span class='ocrx_word' id='word_1_165' title='bbox 1630 3519 1836 3588; x_wconf 86' lang='lat' dir='ltr'>quam</span> <span class='ocrx_word' id='word_1_166' title='bbox 1877 3499 2360 3589; x_wconf 81' lang='lat' dir='ltr'>Aristophanis</span> <span class='ocrx_word' id='word_1_167' title='bbox 2414 3501 2764 3572; x_wconf 80' lang='lat' dir='ltr'>Socratem</span> 
     </span>
     <span class='ocr_line' id='line_1_26' title="bbox 729 3605 2759 3689; baseline 0.001 -18"><span class='ocrx_word' id='word_1_168' title='bbox 729 3606 1130 3673; x_wconf 81' lang='lat' dir='ltr'>infamantis</span> <span class='ocrx_word' id='word_1_169' title='bbox 1157 3605 1230 3672; x_wconf 92' lang='lat' dir='ltr'>in</span> <span class='ocrx_word' id='word_1_170' title='bbox 1269 3624 1475 3674; x_wconf 86' lang='lat' dir='ltr'>scena</span> <span class='ocrx_word' id='word_1_171' title='bbox 1505 3605 1813 3689; x_wconf 88' lang='lat' dir='ltr'>audacia,</span> <span class='ocrx_word' id='word_1_172' title='bbox 1858 3625 2071 3682; x_wconf 81' lang='lat' dir='ltr'>error,</span> <span class='ocrx_word' id='word_1_173' title='bbox 2110 3607 2413 3676; x_wconf 88' lang='lat' dir='ltr'>immane</span> <span class='ocrx_word' id='word_1_174' title='bbox 2438 3606 2707 3677; x_wconf 80' lang='lat' dir='ltr'>facinus</span> <span class='ocrx_word' id='word_1_175' title='bbox 2745 3628 2759 3673; x_wconf 91' lang='lat'><strong>:</strong></span> 
     </span>
     <span class='ocr_line' id='line_1_27' title="bbox 732 3711 2762 3800; baseline 0.002 -24"><span class='ocrx_word' id='word_1_176' title='bbox 732 3730 959 3798; x_wconf 88' lang='lat' dir='ltr'>neque</span> <span class='ocrx_word' id='word_1_177' title='bbox 1011 3711 1281 3800; x_wconf 86' lang='lat' dir='ltr'>injuria.</span> <span class='ocrx_word' id='word_1_178' title='bbox 1327 3711 1635 3781; x_wconf 80' lang='lat' dir='ltr'>Socrates</span> <span class='ocrx_word' id='word_1_179' title='bbox 1696 3712 1879 3780; x_wconf 89' lang='lat' dir='ltr'>enim</span> <span class='ocrx_word' id='word_1_180' title='bbox 1934 3711 2266 3780; x_wconf 79' lang='lat' dir='ltr'>doctrinae</span> <span class='ocrx_word' id='word_1_181' title='bbox 2330 3713 2762 3794; x_wconf 82' lang='lat' dir='ltr'>excellentia,</span> 
     </span>
     <span class='ocr_line' id='line_1_28' title="bbox 734 3816 2767 3908; baseline 0.002 -26"><span class='ocrx_word' id='word_1_182' title='bbox 734 3817 978 3884; x_wconf 89' lang='lat' dir='ltr'>mortis</span> <span class='ocrx_word' id='word_1_183' title='bbox 1015 3816 1218 3896; x_wconf 84' lang='lat' dir='ltr'>fama,</span> <span class='ocrx_word' id='word_1_184' title='bbox 1255 3816 1751 3906; x_wconf 85' lang='lat' dir='ltr'>discipulorum</span> <span class='ocrx_word' id='word_1_185' title='bbox 1800 3819 2051 3908; x_wconf 89' lang='lat' dir='ltr'>pietate</span> <span class='ocrx_word' id='word_1_186' title='bbox 2089 3839 2242 3886; x_wconf 90' lang='lat' dir='ltr'>eam</span> <span class='ocrx_word' id='word_1_187' title='bbox 2285 3818 2417 3886; x_wconf 90' lang='lat' dir='ltr'>sibi</span> <span class='ocrx_word' id='word_1_188' title='bbox 2447 3825 2767 3908; x_wconf 87' lang='lat' dir='ltr'>postero-</span> 
     </span>
     <span class='ocr_line' id='line_1_29' title="bbox 731 3925 2769 4018; baseline 0.001 -29"><span class='ocrx_word' id='word_1_189' title='bbox 731 3943 888 3990; x_wconf 87' lang='lat' dir='ltr'>rum</span> <span class='ocrx_word' id='word_1_190' title='bbox 938 3926 1358 4012; x_wconf 86' lang='lat' dir='ltr'>comparavit</span> <span class='ocrx_word' id='word_1_191' title='bbox 1404 3925 1921 3993; x_wconf 87' lang='lat' dir='ltr'>venerationem</span> <span class='ocrx_word' id='word_1_192' title='bbox 1956 3944 2113 4011; x_wconf 84' lang='lat' dir='ltr'>quae</span> <span class='ocrx_word' id='word_1_193' title='bbox 2152 3925 2431 3993; x_wconf 87' lang='lat' dir='ltr'>nonnisi</span> <span class='ocrx_word' id='word_1_194' title='bbox 2464 3929 2769 4018; x_wconf 84' lang='lat' dir='ltr'>optimos</span> 
     </span>
     <span class='ocr_line' id='line_1_30' title="bbox 734 4021 2768 4116; baseline 0.001 -21"><span class='ocrx_word' id='word_1_195' title='bbox 734 4030 1068 4116; x_wconf 84' lang='lat' dir='ltr'>sequitur.</span> <span class='ocrx_word' id='word_1_196' title='bbox 1108 4028 1603 4116; x_wconf 84' lang='lat' dir='ltr'>Aristophanes</span> <span class='ocrx_word' id='word_1_197' title='bbox 1638 4032 1875 4096; x_wconf 83' lang='lat' dir='ltr'>contra</span> <span class='ocrx_word' id='word_1_198' title='bbox 1905 4031 2110 4096; x_wconf 86' lang='lat' dir='ltr'>talem</span> <span class='ocrx_word' id='word_1_199' title='bbox 2150 4029 2339 4097; x_wconf 87' lang='lat' dir='ltr'>hunc</span> <span class='ocrx_word' id='word_1_200' title='bbox 2368 4031 2595 4099; x_wconf 83' lang='lat' dir='ltr'>virum</span> <span class='ocrx_word' id='word_1_201' title='bbox 2630 4021 2768 4102; x_wconf 78' lang='lat' dir='ltr'>tra-</span> 
     </span>
     <span class='ocr_line' id='line_1_31' title="bbox 731 4134 2774 4226; baseline 0.001 -24"><span class='ocrx_word' id='word_1_202' title='bbox 731 4135 1075 4216; x_wconf 87' lang='lat' dir='ltr'>ducendo,</span> <span class='ocrx_word' id='word_1_203' title='bbox 1122 4134 1459 4202; x_wconf 85' lang='lat' dir='ltr'>comoedia</span> <span class='ocrx_word' id='word_1_204' title='bbox 1502 4154 1630 4203; x_wconf 87' lang='lat' dir='ltr'>sua</span> <span class='ocrx_word' id='word_1_205' title='bbox 1650 4136 1920 4224; x_wconf 85' lang='lat' dir='ltr'>capitali</span> <span class='ocrx_word' id='word_1_206' title='bbox 1960 4135 2221 4224; x_wconf 86' lang='lat' dir='ltr'>judicio</span> <span class='ocrx_word' id='word_1_207' title='bbox 2274 4158 2411 4226; x_wconf 91' lang='lat' dir='ltr'>quo</span> <span class='ocrx_word' id='word_1_208' title='bbox 2466 4146 2774 4226; x_wconf 86' lang='lat' dir='ltr'>quatuor</span> 
     </span>
    </p>
   </div>
   <div class='ocr_carea' id='block_1_5' title="bbox 3161 698 3166 1400">
    <p class='ocr_par' dir='ltr' id='par_1_5' title="bbox 3161 698 3166 1400">
     <span class='ocr_line' id='line_1_32' title="bbox 3161 698 3166 1400; baseline 0 0"><span class='ocrx_word' id='word_1_209' title='bbox 3161 698 3166 1400; x_wconf 95' lang='lat' dir='ltr'> </span> 
     </span>
    </p>
   </div>
   <div class='ocr_carea' id='block_1_6' title="bbox 3160 1608 3167 2916">
    <p class='ocr_par' dir='ltr' id='par_1_6' title="bbox 3160 1608 3167 2916">
     <span class='ocr_line' id='line_1_33' title="bbox 3160 1608 3167 2916; baseline 0 0"><span class='ocrx_word' id='word_1_210' title='bbox 3160 1608 3167 2916; x_wconf 95' lang='lat' dir='ltr'> </span> 
     </span>
    </p>
   </div>
   <div class='ocr_carea' id='block_1_7' title="bbox 3162 3469 3165 4266">
    <p class='ocr_par' dir='ltr' id='par_1_7' title="bbox 3162 3469 3165 4266">
     <span class='ocr_line' id='line_1_34' title="bbox 3162 3469 3165 4266; baseline 0 0"><span class='ocrx_word' id='word_1_211' title='bbox 3162 3469 3165 4266; x_wconf 95' lang='lat' dir='ltr'> </span> 
     </span>
    </p>
   </div>
   <div class='ocr_carea' id='block_1_8' title="bbox 3162 4569 3165 5086">
    <p class='ocr_par' dir='ltr' id='par_1_8' title="bbox 3162 4569 3165 5086">
     <span class='ocr_line' id='line_1_35' title="bbox 3162 4569 3165 5086; baseline 0 0"><span class='ocrx_word' id='word_1_212' title='bbox 3162 4569 3165 5086; x_wconf 95' lang='lat' dir='ltr'> </span> 
     </span>
    </p>
   </div>
  </div>
 </body>
</html>
