3167 5125
1612 508 1791 583 -·'8'4
1827 559 1895 571 .-

734 652 836 721 fra
854 654 1192 721 rationem
1215 652 1643 741 prohabilem
1670 652 2059 721 afferemus
2098 652 2359 720 Petitur
2378 642 2620 719 'tamen
2648 644 2776 719 h'e-

732 781 866 848 que
885 762 1033 829 sine
1045 759 1410 827 acerbitate
1434 779 1472 825 a
1501 759 1781 827 Carione
1814 760 1882 825 in
1912 764 2125 840 Pluto,
2150 758 2387 827 sedita
2408 766 2484 825 ut
2506 757 2776 825 cavilla-

733 870 958 936 tiones
983 886 1022 933 a
1041 868 1270 935 servili
1294 873 1360 934 et
1375 866 1661 934 ridicula
1676 888 1971 955 persona
1991 868 2285 947 emissae,
2300 867 2495 935 ‘hanc
2520 865 2772 934 saltem

729 975 1243 1043 excusationem
1297 974 1592 1042 habeant
1632 977 1679 1040 ¹.
1731 976 1861 1041 Cur
1895 980 2124 1042 tamen
2189 963 2766 1065 ''A-thenienses‘in

727 1079 1118 1169 Apollinem
1168 1081 1423 1149 comice
1472 1089 1793 1150 vexatum
1847 1080 2321 1161 offendissent,
2382 1082 2500 1168 qui
2556 1078 2770 1147 *iilum

729 1187 915 1255 haud
959 1188 1174 1255 semel
1214 1186 1456 1256 eodem
1505 1195 1815 1278 tempore
1844 1188 1928 1255 ab
1950 1187 2270 1275 Euripide
2302 1186 2641 1255 mendacii
2676 1192 2771 1253 at-

730 1314 864 1382 que
894 1294 1201 1362 stultitiae
1236 1294 1618 1363 insimulari
1666 1296 1848 1385 passi
1896 1299 2058 1362 sunt
2094 1301 2144 1362 2.
2186 1294 2562 1361 Minervam
2599 1309 2769 1362 vero

728 1419 934 1489 supra
959 1399 1261 1467 vidimus
1292 1420 1430 1467 non
1453 1401 1647 1468 aliter
1666 1400 1879 1469 fuisse
1894 1400 2193 1468 ludibrio
2213 1400 2518 1467 habitam
2547 1416 2757 1487 quam

727 1507 1072 1595 quinon-pem
1092 1512 1359 1573 tantum
1387 1508 1718 1574 nominati
1740 1512 1903 1575 sunt
1920 1506 2036 1573 dii.
2062 1508 2159 1575 Ita
2171 1513 2299 1587 est,
2321 1507 2388 1573 ni
2408 1506 2713 1573 fallimur
2748 1530 2762 1572 ε

729 1613 787 1679 si
817 1613 968 1701 quis
1027 1617 1248 1680 totum
1289 1614 1820 1703 Aristophanem
1880 1604 2075 1702 aequo
2142 1613 2371 1681 animo
2414 1612 2767 1703 perlegere

735 1719 924 1798 velit,
963 1716 1235 1786 difficile
1266 1720 1393 1787 erit
1433 1721 1771 1788 aestimare
1799 1741 1973 1808 quos
2016 1720 2183 1789 deos
2223 1721 2441 1808 magis
2474 1718 2765 1785 infama-

727 1825 923 1894 verit.
959 1826 1036 1891 Et
1085 1827 1242 1913 quia
1289 1828 1583 1894 auctoris
1625 1847 1829 1916 supra
1870 1826 2052 1895 citati
2100 1826 2586 1895 commentatio
2622 1832 2767 1894 tota

726 1934 794 1997 in
833 1933 964 1999 hoc
994 1952 1131 1999 uno
1170 1931 1312 2000 fere
1350 1933 1623 2002 cardine
1656 1940 1987 2021 versatur,
2025 1932 2436 2021 subtilisque
2469 1932 2587 1999 illa
2607 1952 2761 2000 ver-

725 2038 972 2105 borum
997 2038 1340 2106 distinctio
1381 2038 1463 2105 ad
1499 2040 1672 2107 nihil
1701 2039 1885 2107 aliud
1918 2041 2122 2120 valet,
2157 2042 2290 2107 nisi
2331 2059 2419 2107 ne
2440 2040 2627 2107 Jovis
2658 2058 2761 2107 ce-

719 2139 1084 2212 leberrima
1108 2144 1288 2233 apud
1335 2147 1864 2236 Aristophanem
1917 2147 2166 2225 irrisiO,
2212 2144 2755 2235 ar'gu'ffle'fltatio-

722 2269 886 2317 nem
935 2270 1215 2317 omnem
1255 2256 1538 2331 evertat,
1582 2252 1870 2340 liquebit
1908 2250 2079 2319 nihil
2106 2252 2269 2319 inde
2312 2250 2397 2319 ad
2431 2253 2758 2342 pietatem

725 2357 1200 2445 Aristophanis
1227 2356 1836 2440 demonstrandam
1867 2378 2071 2448 posse
2096 2360 2389 2448 excerpi.

809 2464 1024 2533 Venio
1067 2462 1156 2530 ad
1206 2463 1418 2533 Caroli
1465 2466 1660 2533 Kock
1708 2468 2383 2546 commentationem,
2427 2494 2460 2529 «
2496 2472 2755 2534 Aristo-

713 2576 976 2654 phanes
1003 2576 1152 2637 und
1181 2575 1288 2638 die
1327 2574 1562 2638 Goetter
1591 2577 1703 2638 des
1744 2577 2255 2656 Volksylaubens
2290 2577 2343 2654 3,
2379 2599 2413 2636 »
2448 2589 2603 2662 qu'ae
2635 2593 2757 2663 per

721 2696 795 2744 se
825 2679 1154 2766 speciosa,
1190 2684 1259 2743 et
1287 2676 1520 2745 subtili
1552 2677 1920 2746 verborum
1956 2681 2593 2768 sententiarumque
2622 2681 2754 2748 ele-

699 2783 949 2870 gantia
973 2782 1326 2870 exscripta,
1363 2782 1784 2871 impietatem
1836 2786 2314 2874 Aristophanis
2361 2805 2519 2853 cum
2568 2793 2755 2853 casta

721 2887 1048 2977 religione
1081 2888 1542 2969 commixtam,
1591 2896 1979 2980 temporum
2018 2898 2089 2960 et·
2115 2891 2551 2959 fortunarum
2580 2893 2751 2960 vici—

718 2992 849 3062 bus
879 2993 1128 3081 quibus
1160 2991 1768 3065 Athenienses'aut
1824 2999 1982 3066 elati
2035 3004 2153 3065 aut
2206 2998 2537 3087 depressi,
2580 2997 2751 3066 deos

719 3100 926 3174 modo
946 3102 1372 3190 neglexerint
1402 3102 1608 3171 modo
1640 3104 1996 3183 coluerint,
2024 3097 2359 3192 explicare
2382 3119 2750 3194 aggressus

649 3219 682 3288 ἶ
718 3213 846 3275 est.
887 3208 1232 3276 Sententia
1262 3208 1554 3275 auctoris
1586 3207 1733 3276 haec
1784 3214 1888 3276 est
1932 3232 1945 3274 :
1990 3209 2485 3298 Aristophanes
2527 3209 2749 3276 aetatis

718 3334 861 3381 suae
904 3313 1098 3392 testis
1154 3319 1358 3402 atque
1416 3313 1754 3402 interpres
1812 3314 2168 3382 comoediis
2212 3316 2357 3383 suis
2420 3314 2638 3382 veluti
2674 3314 2746 3380 in

718 3419 997 3507 speculo
1031 3418 1331 3506 quodam
1379 3418 1781 3488 mutabilem
1810 3421 2261 3501 Athenarum,
2294 3420 2471 3487 utin
2499 3420 2746 3488 ceteris

718 3524 1041 3592 omnihus
1098 3526 1190 3592 ita
1224 3526 1294 3592 in
1351 3525 1601 3593 divinis
1669 3528 2003 3615 expressit
2053 3527 2447 3616 imaginem.
2503 3525 2743 3613 Ingre-

715 3629 928 3697 dienti
977 3631 1142 3698 artis
1190 3631 1605 3699 curriculum
1626 3636 1695 3698 et
1732 3632 2064 3721 primitias
2093 3633 2371 3723 ingenii,
2421 3637 2744 3700 Daetacen-

712 3757 812 3803 ses
855 3735 1110 3803 scilicet
1139 3744 1206 3804 et
1243 3742 1720 3820 Acharnenses,
1760 3737 1889 3805 sub
1918 3738 2277 3806 Callistrati
2318 3735 2740 3806 Philonidis-

774 4017 792 4050 1
831 4017 982 4076 plut„
1015 4021 1062 4067 7.
1095 4019 1168 4068 cf.
1202 4021 1280 4067 39.

772 4095 796 4129 ²
826 4096 996 4156 Eleot„
1026 4098 1162 4154 1240,
1198 4101 1332 4146 1298.
1362 4100 1534 4156 orest..
1566 4103 1643 4155 28,
1680 4101 1790 4160 277,
1821 4098 1928 4148 406.

769 4177 792 4210 3
823 4177 997 4226 Jahrb.
1029 4178 1069 4241 f.
1103 4177 1242 4228 class.
1271 4177 1443 4228 Philol.
1471 4182 1637 4241 suppl.
1666 4183 1752 4239 Bd,
1785 4183 1867 4240 111,
1890 4181 1989 4238 nrt,
2020 4183 2060 4240 Ι,
2094 4184 2232 4230 1857.
