3167 5125
1164 1245 1636 1315 CONGLUSIO.

485 1543 798 1641 Athenis,
836 1559 1114 1627 Periclis
1162 1559 1710 1647 tempestatibuS,
1768 1560 2006 1649 religio
2049 1580 2086 1627 a
2125 1561 2312 1628 nulla
2341 1581 2415 1628 re

395 1667 665 1756 publica
695 1667 1091 1754 privataque
1114 1664 1371 1744 aberat,
1398 1671 1467 1732 et
1494 1666 1674 1733 sicut
1703 1667 1770 1732 in
1818 1669 1958 1735 vita
1986 1668 2080 1735 ita
2117 1669 2186 1735 in
2217 1668 2414 1735 libris

394 1775 543 1862 ejus
574 1772 789 1840 aetatis
812 1771 1313 1861 amplissimum
1352 1771 1626 1839 tenebat
1641 1772 1892 1840 locum.
1921 1773 2302 1842 Theatralia
2321 1775 2418 1841 lu-

392 1879 599 1960 dicra,
636 1879 974 1968 religiosis
1006 1883 1151 1946 orta
1180 1876 1489 1945 fontibus
1516 1879 1677 1945 etin
1703 1877 1993 1948 deorum
2025 1881 2236 1949 tutela
2269 1881 2412 1949 col-

390 1987 631 2063 locata,
662 1985 821 2074 quia
864 1984 1177 2073 religioni
1246 1984 1541 2051 multum
1592 1983 1961 2065 debebant,
2015 1986 2315 2054 multum
2346 1994 2414 2054 et

392 2091 796 2159 reddebant.

482 2199 706 2276 Quum
740 2197 1237 2286 Aristophanes
1288 2197 1555 2267 fabulas
1607 2198 1850 2268 docere
1887 2201 2209 2280 instituit,
2241 2200 2415 2270 duo-

392 2305 523 2372 bus
554 2305 761 2384 vitiis,
786 2323 940 2392 quae
968 2323 1365 2392 quanquam
1390 2307 1726 2372 contraria
1767 2321 1818 2374 εκ
1843 2325 1968 2395 μιᾶς
1992 2328 2219 2396 κορυφῆς
2259 2307 2413 2374 uhi-

391 2431 526 2500 que
554 2431 825 2499 semper
861 2398 1271 2500 J'unguntur‚
1324 2410 1676 2478 laborabat
1720 2411 2247 2480 Atheniensium
2303 2432 2414 2480 re-

390 2519 553 2607 ligio
599 2542 613 2584 :
650 2517 1135 2607 superstitione
1166 2517 1423 2586 scilicet
1452 2524 1521 2585 et
1564 2518 1939 2607 impietate,
1983 2538 2280 2607 quorum
2311 2518 2443 2585 al·-

393 2633 614 2693 terum
644 2626 856 2715 vulgi,
894 2625 1187 2692 alterum
1236 2624 1663 2693 eruditorum
1725 2624 2062 2693 afficiebat
2117 2626 2409 2694 animos,

481 2735 684 2799 Poeta
743 2732 859 2820 qui
911 2731 1269 2800 comoediae
1332 2732 1728 2801 conditione
1785 2738 1854 2799 et
1911 2731 2414 2801 consuetudine

394 2837 661 2917 tradita,
696 2838 1097 2925 religionem
1155 2838 1405 2906 fabulis
1458 2839 1602 2906 suis
1645 2838 2164 2907 admiscendam
2212 2839 2416 2907 habe-

390 2942 528 3023 bat,
560 2944 735 3010 sicut
760 2943 829 3008 in
858 2944 1367 3031 superstitiosas
1415 2946 1919 3031 persuasioneS,
1985 2946 2412 3016 extrinsecus

390 3051 643 3117 civitati
668 3050 999 3131 invectaS,
1036 3068 1223 3117 arma
1254 3069 1377 3117 sua
1416 3050 1686 3129 direxit,
1733 3050 1822 3116 ita
1843 3050 2139 3137 primum
2174 3049 2260 3116 ab
2289 3050 2414 3115 im-

389 3156 639 3244 pietate
672 3155 889 3223 voluit
939 3156 1325 3223 immunem
1374 3174 1646 3224 servare
1687 3161 2017 3235 mentem,
2061 3159 2129 3223 et
2178 3156 2414 3245 impie-

390 3262 547 3328 tatis
585 3261 889 3329 fautores
921 3281 1168 3329 vexare
1194 3262 1504 3330 ridiculo.
1532 3261 1665 3331 Sed
1692 3266 1986 3328 Nubium
2017 3260 2416 3329 admonitus

390 3366 771 3435 calamitate
800 3388 888 3435 ne
922 3369 1229 3435 nutantis
1270 3368 1433 3435 fidei
1492 3368 1870 3456 susciperet
1930 3366 2408 3455 patrocinium,

392 3473 631 3540 statuit
660 3473 892 3561 potius
920 3474 1201 3562 antiqua
1238 3494 1515 3563 quoque
1545 3474 1633 3541 de
1671 3473 1926 3541 divinis
1971 3472 2220 3561 placita
2249 3472 2414 3537 artis

392 3598 535 3647 suae
588 3580 943 3667 proposito
1000 3579 1518 3647 accommodare
1574 3600 1782 3668 quam
1831 3584 2020 3645 extra
2047 3575 2409 3645 comoediae

391 3684 567 3751 fines
607 3684 960 3773 evagando
1013 3690 1091 3751 ut
1156 3704 1235 3751 ea
1288 3691 1618 3765 tueretur,
1665 3684 1972 3772 repulsas
2025 3688 2096 3750 et
2141 3681 2415 3751 fastidia

390 3791 553 3878 pati.

481 3897 915 3964 Doriensium
942 3898 1281 3966 comoedia
1308 3918 1397 3965 un
1409 3896 1495 3964 de
1524 3903 1753 3968 ortum
1781 3900 2102 3986 ceperant

601 4083 832 4161 Eupolis
860 4089 1034 4161 atque
1068 4086 1334 4149 Cratinus
1370 4084 1898 4157 Aristophanesque
1925 4084 2129 4155 poetes,

601 4180 787 4251 Atque
814 4177 913 4232 alii
938 4193 1184 4249 quorum
1223 4174 1503 4232 comoedia
1529 4173 1718 4245 prisca
1741 4172 1996 4227 virorum
2026 4173 2129 4239 est,

1987 4262 2023 4318 9
