3167 5125
1550 472 1832 526 -40-

676 598 986 691 patribus
1011 594 1256 665 tradita
1277 596 1562 662 numina
1588 604 1656 663 et
1675 602 1999 663 externos
2023 594 2193 663 deos
2220 595 2713 683 Aristophanes

677 707 1102 795 distinguere
1149 703 1472 781 valuerit;
1531 709 1763 771 utrum
1796 703 2094 771 Minerva
2126 702 2470 791 propriam
2512 722 2711 771 suam

677 815 1102 902 majestatem
1143 810 1461 899 quamvis
1513 811 1584 875 in
1644 810 1904 906 comico
1946 829 2149 899 opere
2193 810 2589 887 servaverit,
2624 829 2713 875 an

680 921 1056 989 deformata
1105 938 1382 1006 quoque
1431 917 1728 984 ludibrio
1780 917 1987 984 fuerit
2018 937 2056 983 a
2085 923 2287 1016 poeta
2316 917 2568 985 habita.
2603 918 2713 984 Ut-

681 1047 975 1116 cumque
1007 1048 1082 1094 se
1114 1048 1223 1095 res
1253 1025 1486 1105 habet,
1539 1032 2028 1114 argumentum
2067 1024 2315 1094 fabulae
2344 1024 2429 1092 ad
2462 1025 2714 1093 Miner-

681 1158 786 1207 vae
801 1135 1072 1204 videtur
1101 1144 1407 1224 spectare
1425 1136 1855 1225 triumphum
1874 1159 1891 1215 3
1918 1135 1989 1203 in
2016 1154 2221 1224 quam
2243 1135 2359 1203 illa
2376 1134 2721 1203 Ciceronis

683 1244 894 1313 verba
930 1242 1354 1309 conveniunt
1390 1244 1409 1288 ¹
1449 1264 1461 1307 :
1518 1264 1546 1305 α
1583 1242 1813 1309 Novos
1863 1262 2025 1309 vero
2063 1241 2231 1309 deos
2273 1247 2342 1309 et
2369 1242 2439 1307 in
2472 1241 2581 1307 his
2610 1260 2721 1307 co-

684 1351 913 1421 lendis
976 1354 1349 1418 nocturnas
1419 1349 1979 1437 pervigilationes
2041 1349 2137 1416 sic
2194 1347 2716 1438 Aristophanes,

670 1443 1147 1528 'facetissimus
1191 1464 1386 1544 poeta
1424 1458 1677 1524 veteris
1726 1456 2106 1537 comoediae,
2166 1462 2387 1533 vexat,
2424 1462 2498 1523 ut
2540 1452 2725 1543 apud

689 1589 851 1637 eum
888 1566 1208 1634 Sabazius
1259 1571 1328 1633 et
1375 1564 1657 1652 quidam
1705 1565 1815 1630 alii
1858 1562 1949 1630 dii
1994 1564 2331 1653 peregrini
2354 1562 2637 1653 judicati
2684 1581 2726 1629 e

692 1674 965 1743 civitate
989 1673 1366 1762 ejiciantur.
1403 1698 1436 1733 »
1485 1671 1792 1739 Servavit
1828 1672 2013 1739 enim
2038 1676 2287 1738 Avium
2316 1670 2727 1739 scholiastes

694 1803 774 1851 ex
807 1787 1002 1848 Horis
1031 1781 1217 1847 hunc
1257 1800 1536 1847 versum
1567 1804 1579 1845 :

1059 1982 1164 2037 Τὸν
1191 1983 1404 2057 Φρύγα,
1443 1983 1535 2036 τὸν
1565 1981 1867 2057 αὖλητῆρα,
1897 1982 1990 2036 τὸν
2020 1981 2278 2047 Σαὸάζιον
2315 1981 2360 2038 2.

793 2194 917 2272 Qui
959 2190 1278 2271 Sabazius
1324 2190 1663 2259 Asiaticus
1715 2196 1821 2257 est
1852 2191 2219 2277 DionysuS,
2272 2192 2467 2281 cujus
2503 2190 2734 2257 fauto-

707 2303 899 2369 ribus
967 2297 1358 2366 sacerdotes
1419 2299 1651 2365 omnia
1716 2298 1943 2375 fausta
2005 2296 2307 2365 secunda
2370 2305 2439 2365 et
2508 2298 2736 2385 opima

709 2407 1014 2497 polliceri
1075 2405 1410 2473 solebant.
1475 2404 1751 2472 Sabazio
1804 2404 1932 2493 ipsi
1990 2403 2352 2470 tribuenda
2412 2403 2741 2470 videntur

707 2516 939 2597 verba,
975 2515 1225 2604 quibus
1257 2514 1520 2582 telluris
1549 2515 1771 2581 atticae
1800 2514 1969 2580 mira
2006 2496 2389 2581 celebratur
2416 2511 2733 2592 felicitaS‚

708 2645 785 2694 ea
809 2623 1035 2714 specie
1058 2619 1244 2710 quod
1270 2621 1509 2689 incolae
1533 2621 1665 2688 diis
1686 2621 1900 2688 dediti
1923 2628 2159 2689 essent
2184 2645 2196 2687 ε
2230 2636 2449 2697 Τούτοις
2473 2630 2520 2690 δ’
2551 2635 2738 2710 ὑπάρ-

707 2766 793 2820 χει
820 2739 972 2799 ταῦτ’
1008 2739 1179 2804 ἐπειδὴ
1211 2744 1335 2804 τοὺς
1367 2743 1512 2804 θεοὺς
1543 2742 1784 2797 σὲὃουσιν
1824 2743 1872 2798 3.

799 2837 916 2907 Cui
978 2836 1227 2905 veteris
1289 2835 1641 2924 religionis
1698 2835 1924 2902 fautor
1981 2835 2541 2924 indignabundus
2604 2855 2741 2902 res-

715 2945 1027 3035 pondet:

952 3142 1219 3222 Αἴγυπτον
1259 3148 1428 3200 αὐτῶν
1458 3149 1552 3204 τήν
1583 3144 1735 3200 πόλιν
1767 3149 2054 3208 πεποιήκας
2085 3141 2212 3202 ἀντ’
2235 3133 2464 3206 Α’θηνῶν.

803 3368 858 3431 Α
899 3365 1200 3432 Minerva
1239 3365 1347 3432 cui
1383 3369 1568 3430 Horae
1597 3364 1851 3432 adsunt
1896 3365 2179 3432 comites
2223 3365 2488 3455 ejicitur
2547 3364 2747 3432 Saba-

717 3473 884 3549 ziuS,
935 3470 1213 3538 ridicule
1233 3471 1603 3560 judicatus,
1650 3477 1725 3538 ut
1763 3473 1833 3538 in
1874 3477 2077 3538 Ranis
2105 3471 2483 3560 EuripideS,
2526 3472 2745 3538 Athe-

721 3599 965 3666 naeque
1033 3581 1208 3646 sicut
1267 3579 1350 3644 ad
1417 3599 1643 3647 mores
1709 3580 2066 3667 antiqUOS,
2140 3582 2233 3646 ita
2296 3579 2381 3645 ad
2453 3580 2745 3668 priscam

723 3687 1124 3775 religionem
1157 3687 1472 3774 redeunt.

788 3905 806 3940 ¹
841 3912 906 3956 De
928 3908 970 3958 le
1007 3913 1229 3966 .‚11,15.

781 3987 805 4024 ²
848 3923 1044 4048 Scnoz„
1072 3994 1180 4048 Αυ..
1231 4007 1279 4040 v.
1319 3991 1427 4038 874.
1456 3967 1695 4056 Φρυγίλός
1728 3992 2016 4039 nominatur
2061 3992 2112 4041 in
2154 3992 2327 4040 festiva
2363 3993 2453 4039 illa
2476 4005 2751 4040 enumera-

725 4071 853 4117 tione
882 4085 982 4130 qua
1005 4073 1205 4132 singula
1229 4075 1434 4120 deorum
1465 4072 1708 4119 vocabula
1731 4071 2017 4131 junguntur
2036 4073 2250 4134 singulis
2282 4073 2479 4121 avibus,

786 4147 810 4183 ³
853 4154 996 4212 Apud
1021 4154 1338 4210 Aramaua,
1373 4155 1459 4208 IX,
1487 4156 1576 4201 372
1606 4155 1659 4200 Β.
