<?xml version="1.0" encoding="UTF-8"?>
<!DOCTYPE html PUBLIC "-//W3C//DTD XHTML 1.0 Transitional//EN"
    "http://www.w3.org/TR/xhtml1/DTD/xhtml1-transitional.dtd">
<html xmlns="http://www.w3.org/1999/xhtml" xml:lang="en" lang="en">
 <head>
  <title>
</title>
<meta http-equiv="Content-Type" content="text/html;charset=utf-8" />
  <meta name='ocr-system' content='tesseract 3.04.00' />
  <meta name='ocr-capabilities' content='ocr_page ocr_carea ocr_par ocr_line ocrx_word'/>
</head>
<body>
  <div class='ocr_page' id='page_1' title='image "./aristophanesimp01hildgoog_0093.png"; bbox 0 0 3167 5125; ppageno 0'>
   <div class='ocr_carea' id='block_1_1' title="bbox 1036 1236 1812 1305">
    <p class='ocr_par' dir='ltr' id='par_1_1' title="bbox 1036 1236 1812 1305">
     <span class='ocr_line' id='line_1_1' title="bbox 1036 1236 1812 1305; baseline -0.004 0"><span class='ocrx_word' id='word_1_1' title='bbox 1036 1236 1298 1305; x_wconf 88' lang='lat' dir='ltr'>CAPUT</span> <span class='ocrx_word' id='word_1_2' title='bbox 1348 1236 1812 1304; x_wconf 88' lang='lat' dir='ltr'><strong>SECUNDUM.</strong></span> 
     </span>
    </p>
   </div>
   <div class='ocr_carea' id='block_1_2' title="bbox 342 1475 2438 1677">
    <p class='ocr_par' dir='ltr' id='par_1_2' title="bbox 342 1475 2438 1677">
     <span class='ocr_line' id='line_1_2' title="bbox 342 1475 2438 1587; baseline -0.003 -33"><span class='ocrx_word' id='word_1_3' title='bbox 342 1475 357 1485; x_wconf 54' lang='grc'><strong>.</strong></span> <span class='ocrx_word' id='word_1_4' title='bbox 406 1507 657 1562; x_wconf 82' lang='lat' dir='ltr'>QUIBUS</span> <span class='ocrx_word' id='word_1_5' title='bbox 706 1506 1117 1556; x_wconf 79' lang='lat' dir='ltr'><strong>RATIONIBUS</strong></span> <span class='ocrx_word' id='word_1_6' title='bbox 1170 1506 1670 1587; x_wconf 44' lang='lat' dir='ltr'><strong>{RISTOPHANIS</strong></span> <span class='ocrx_word' id='word_1_7' title='bbox 1721 1506 2038 1552; x_wconf 82' lang='lat' dir='ltr'><strong>IMPIETAS</strong></span> <span class='ocrx_word' id='word_1_8' title='bbox 2099 1504 2438 1552; x_wconf 77' lang='lat' dir='ltr'>EXCUSATA</span> 
     </span>
     <span class='ocr_line' id='line_1_3' title="bbox 824 1622 2023 1677; baseline -0.001 -9"><span class='ocrx_word' id='word_1_9' title='bbox 824 1624 1099 1670; x_wconf 83' lang='lat' dir='ltr'><strong>FUERIT.</strong></span> <span class='ocrx_word' id='word_1_10' title='bbox 1147 1623 1381 1670; x_wconf 75' lang='lat' dir='ltr'><strong>PIETAS</strong></span> <span class='ocrx_word' id='word_1_11' title='bbox 1418 1623 1577 1670; x_wconf 84' lang='lat' dir='ltr'>EJUS</span> <span class='ocrx_word' id='word_1_12' title='bbox 1615 1623 1860 1677; x_wconf 86' lang='lat' dir='ltr'><strong>QUALIS</strong></span> <span class='ocrx_word' id='word_1_13' title='bbox 1899 1622 2023 1667; x_wconf 88' lang='lat' dir='ltr'><strong>SIT.</strong></span> 
     </span>
    </p>
   </div>
   <div class='ocr_carea' id='block_1_3' title="bbox 1363 1952 1488 2014">
    <p class='ocr_par' dir='ltr' id='par_1_3' title="bbox 1363 1952 1488 2014">
     <span class='ocr_line' id='line_1_4' title="bbox 1363 1952 1488 2014; baseline 0 -11"><span class='ocrx_word' id='word_1_14' title='bbox 1363 1954 1393 2014; x_wconf 66' lang='grc' dir='ltr'><strong>ἓ</strong></span> <span class='ocrx_word' id='word_1_15' title='bbox 1434 1952 1488 2003; x_wconf 75' lang='grc'>’1.</span> 
     </span>
    </p>
   </div>
   <div class='ocr_carea' id='block_1_4' title="bbox 352 2169 2444 3873">
    <p class='ocr_par' dir='ltr' id='par_1_4' title="bbox 412 2169 2444 3015">
     <span class='ocr_line' id='line_1_5' title="bbox 504 2169 2442 2257; baseline -0.002 -17"><span class='ocrx_word' id='word_1_16' title='bbox 504 2174 641 2241; x_wconf 86' lang='lat' dir='ltr'>Etsi</span> <span class='ocrx_word' id='word_1_17' title='bbox 666 2173 883 2241; x_wconf 86' lang='lat' dir='ltr'>multa</span> <span class='ocrx_word' id='word_1_18' title='bbox 908 2172 1185 2240; x_wconf 81' lang='lat' dir='ltr'>comicae</span> <span class='ocrx_word' id='word_1_19' title='bbox 1211 2171 1505 2240; x_wconf 81' lang='lat' dir='ltr'>libertati</span> <span class='ocrx_word' id='word_1_20' title='bbox 1527 2177 1691 2239; x_wconf 88' lang='lat' dir='ltr'>sunt</span> <span class='ocrx_word' id='word_1_21' title='bbox 1720 2169 2182 2252; x_wconf 81' lang='lat' dir='ltr'>concedenda,</span> <span class='ocrx_word' id='word_1_22' title='bbox 2219 2189 2442 2257; x_wconf 88' lang='lat' dir='ltr'>neque</span> 
     </span>
     <span class='ocr_line' id='line_1_6' title="bbox 414 2279 2444 2370; baseline -0.002 -22"><span class='ocrx_word' id='word_1_23' title='bbox 414 2283 567 2349; x_wconf 91' lang='lat' dir='ltr'>sine</span> <span class='ocrx_word' id='word_1_24' title='bbox 597 2282 844 2369; x_wconf 78' lang='lat' dir='ltr'>inJ&#39;uria</span> <span class='ocrx_word' id='word_1_25' title='bbox 876 2287 1149 2370; x_wconf 88' lang='lat' dir='ltr'>poetam</span> <span class='ocrx_word' id='word_1_26' title='bbox 1186 2282 1684 2348; x_wconf 86' lang='lat' dir='ltr'>sententiarum</span> <span class='ocrx_word' id='word_1_27' title='bbox 1718 2281 2027 2348; x_wconf 90' lang='lat' dir='ltr'>omnium</span> <span class='ocrx_word' id='word_1_28' title='bbox 2061 2301 2212 2367; x_wconf 84' lang='lat' dir='ltr'>quae</span> <span class='ocrx_word' id='word_1_29' title='bbox 2233 2299 2269 2345; x_wconf 87' lang='lat' dir='ltr'>a</span> <span class='ocrx_word' id='word_1_30' title='bbox 2297 2279 2444 2345; x_wconf 88' lang='lat' dir='ltr'>dra-</span> 
     </span>
     <span class='ocr_line' id='line_1_7' title="bbox 412 2387 2441 2478; baseline -0.002 -23"><span class='ocrx_word' id='word_1_31' title='bbox 412 2391 617 2456; x_wconf 82' lang='lat' dir='ltr'>matis</span> <span class='ocrx_word' id='word_1_32' title='bbox 642 2389 957 2478; x_wconf 85' lang='lat' dir='ltr'>personis</span> <span class='ocrx_word' id='word_1_33' title='bbox 988 2390 1057 2455; x_wconf 89' lang='lat' dir='ltr'>in</span> <span class='ocrx_word' id='word_1_34' title='bbox 1101 2409 1304 2457; x_wconf 82' lang='lat' dir='ltr'>scena</span> <span class='ocrx_word' id='word_1_35' title='bbox 1352 2389 1816 2476; x_wconf 88' lang='lat' dir='ltr'>proferuntur,</span> <span class='ocrx_word' id='word_1_36' title='bbox 1849 2408 2043 2455; x_wconf 90' lang='lat' dir='ltr'>reum</span> <span class='ocrx_word' id='word_1_37' title='bbox 2093 2387 2312 2454; x_wconf 85' lang='lat' dir='ltr'>facere</span> <span class='ocrx_word' id='word_1_38' title='bbox 2361 2387 2441 2450; x_wconf 91' lang='lat' dir='ltr'>li-</span> 
     </span>
     <span class='ocr_line' id='line_1_8' title="bbox 412 2491 2443 2586; baseline -0.004 -21"><span class='ocrx_word' id='word_1_39' title='bbox 412 2501 543 2577; x_wconf 80' lang='lat' dir='ltr'>cet,</span> <span class='ocrx_word' id='word_1_40' title='bbox 580 2501 913 2586; x_wconf 87' lang='lat' dir='ltr'>perpetua</span> <span class='ocrx_word' id='word_1_41' title='bbox 942 2497 1057 2563; x_wconf 81' lang='lat' dir='ltr'>illa</span> <span class='ocrx_word' id='word_1_42' title='bbox 1098 2515 1445 2565; x_wconf 77' lang='lat' dir='ltr'>sacrorum</span> <span class='ocrx_word' id='word_1_43' title='bbox 1495 2495 1717 2563; x_wconf 84' lang='lat' dir='ltr'>irrisio</span> <span class='ocrx_word' id='word_1_44' title='bbox 1776 2499 1842 2561; x_wconf 87' lang='lat' dir='ltr'>et</span> <span class='ocrx_word' id='word_1_45' title='bbox 1898 2494 2047 2561; x_wconf 87' lang='lat' dir='ltr'>sine</span> <span class='ocrx_word' id='word_1_46' title='bbox 2097 2491 2443 2559; x_wconf 86' lang='lat' dir='ltr'>intermis-</span> 
     </span>
     <span class='ocr_line' id='line_1_9' title="bbox 415 2600 2444 2693; baseline -0.002 -21"><span class='ocrx_word' id='word_1_47' title='bbox 415 2605 609 2673; x_wconf 81' lang='lat' dir='ltr'>sione</span> <span class='ocrx_word' id='word_1_48' title='bbox 640 2606 830 2672; x_wconf 90' lang='lat' dir='ltr'>omni</span> <span class='ocrx_word' id='word_1_49' title='bbox 872 2604 1184 2693; x_wconf 81' lang='lat' dir='ltr'>religioni</span> <span class='ocrx_word' id='word_1_50' title='bbox 1218 2605 1507 2684; x_wconf 87' lang='lat' dir='ltr'>instans,</span> <span class='ocrx_word' id='word_1_51' title='bbox 1539 2602 2040 2670; x_wconf 72' lang='lat' dir='ltr'>dubitationem</span> <span class='ocrx_word' id='word_1_52' title='bbox 2071 2600 2158 2668; x_wconf 91' lang='lat' dir='ltr'>de</span> <span class='ocrx_word' id='word_1_53' title='bbox 2189 2601 2444 2667; x_wconf 87' lang='lat' dir='ltr'>Aristo-</span> 
     </span>
     <span class='ocr_line' id='line_1_10' title="bbox 412 2710 2444 2801; baseline -0.002 -23"><span class='ocrx_word' id='word_1_54' title='bbox 412 2712 662 2801; x_wconf 82' lang='lat' dir='ltr'>phanis</span> <span class='ocrx_word' id='word_1_55' title='bbox 694 2712 1045 2801; x_wconf 80' lang='lat' dir='ltr'>impietate</span> <span class='ocrx_word' id='word_1_56' title='bbox 1077 2712 1316 2779; x_wconf 90' lang='lat' dir='ltr'>tollere</span> <span class='ocrx_word' id='word_1_57' title='bbox 1346 2711 1640 2791; x_wconf 81' lang='lat' dir='ltr'>videtur,</span> <span class='ocrx_word' id='word_1_58' title='bbox 1675 2710 2054 2799; x_wconf 59' lang='lat' dir='ltr'>praesertim</span> <span class='ocrx_word' id='word_1_59' title='bbox 2103 2728 2318 2797; x_wconf 89' lang='lat' dir='ltr'>quum</span> <span class='ocrx_word' id='word_1_60' title='bbox 2365 2727 2444 2774; x_wconf 87' lang='lat' dir='ltr'>ea</span> 
     </span>
     <span class='ocr_line' id='line_1_11' title="bbox 414 2816 2437 2907; baseline 0 -24"><span class='ocrx_word' id='word_1_61' title='bbox 414 2818 803 2886; x_wconf 85' lang='lat' dir='ltr'>fabularum</span> <span class='ocrx_word' id='word_1_62' title='bbox 841 2819 1190 2907; x_wconf 88' lang='lat' dir='ltr'>proposito</span> <span class='ocrx_word' id='word_1_63' title='bbox 1223 2818 1471 2906; x_wconf 82' lang='lat' dir='ltr'>saepius</span> <span class='ocrx_word' id='word_1_64' title='bbox 1519 2838 1660 2885; x_wconf 91' lang='lat' dir='ltr'>non</span> <span class='ocrx_word' id='word_1_65' title='bbox 1702 2817 2085 2889; x_wconf 83' lang='lat' dir='ltr'>necessaria</span> <span class='ocrx_word' id='word_1_66' title='bbox 2133 2816 2437 2896; x_wconf 84' lang='lat' dir='ltr'>fuerunt,</span> 
     </span>
     <span class='ocr_line' id='line_1_12' title="bbox 415 2925 1963 3015; baseline 0 -23"><span class='ocrx_word' id='word_1_67' title='bbox 415 2925 536 2994; x_wconf 88' lang='lat' dir='ltr'>sed</span> <span class='ocrx_word' id='word_1_68' title='bbox 568 2927 865 2994; x_wconf 82' lang='lat' dir='ltr'>auctoris</span> <span class='ocrx_word' id='word_1_69' title='bbox 906 2930 1175 2993; x_wconf 88' lang='lat' dir='ltr'>tantum</span> <span class='ocrx_word' id='word_1_70' title='bbox 1205 2926 1559 2994; x_wconf 88' lang='lat' dir='ltr'>voluntate</span> <span class='ocrx_word' id='word_1_71' title='bbox 1589 2932 1963 3015; x_wconf 86' lang='lat' dir='ltr'>assumpta.</span> 
     </span>
    </p>

    <p class='ocr_par' dir='ltr' id='par_1_5' title="bbox 412 3020 2444 3550">
     <span class='ocr_line' id='line_1_13' title="bbox 504 3020 2442 3121; baseline -0.003 -20"><span class='ocrx_word' id='word_1_72' title='bbox 504 3034 722 3101; x_wconf 85' lang='lat' dir='ltr'>Fuere</span> <span class='ocrx_word' id='word_1_73' title='bbox 752 3020 1299 3121; x_wconf 54' lang='lat' dir='ltr'>tamenJudieeS,</span> <span class='ocrx_word' id='word_1_74' title='bbox 1332 3052 1556 3120; x_wconf 83' lang='lat' dir='ltr'>neque</span> <span class='ocrx_word' id='word_1_75' title='bbox 1588 3034 1632 3099; x_wconf 92' lang='lat' dir='ltr'>ii</span> <span class='ocrx_word' id='word_1_76' title='bbox 1679 3033 2018 3112; x_wconf 86' lang='lat' dir='ltr'>vilissimi,</span> <span class='ocrx_word' id='word_1_77' title='bbox 2085 3032 2199 3119; x_wconf 86' lang='lat' dir='ltr'>qui</span> <span class='ocrx_word' id='word_1_78' title='bbox 2255 3032 2442 3096; x_wconf 88' lang='lat' dir='ltr'>Aris-</span> 
     </span>
     <span class='ocr_line' id='line_1_14' title="bbox 414 3136 2444 3231; baseline -0.004 -22"><span class='ocrx_word' id='word_1_79' title='bbox 414 3142 789 3231; x_wconf 86' lang='lat' dir='ltr'>tophanem</span> <span class='ocrx_word' id='word_1_80' title='bbox 831 3162 972 3208; x_wconf 90' lang='lat' dir='ltr'>non</span> <span class='ocrx_word' id='word_1_81' title='bbox 1005 3140 1211 3208; x_wconf 90' lang='lat' dir='ltr'>modo</span> <span class='ocrx_word' id='word_1_82' title='bbox 1239 3140 1323 3206; x_wconf 90' lang='lat' dir='ltr'>ab</span> <span class='ocrx_word' id='word_1_83' title='bbox 1371 3141 1560 3209; x_wconf 90' lang='lat' dir='ltr'>omni</span> <span class='ocrx_word' id='word_1_84' title='bbox 1612 3140 1980 3227; x_wconf 88' lang='lat' dir='ltr'>impietatis</span> <span class='ocrx_word' id='word_1_85' title='bbox 2010 3136 2444 3205; x_wconf 84' lang='lat' dir='ltr'>vindicarunt</span> 
     </span>
     <span class='ocr_line' id='line_1_15' title="bbox 412 3244 2440 3336; baseline -0.004 -20"><span class='ocrx_word' id='word_1_86' title='bbox 412 3249 720 3327; x_wconf 83' lang='lat' dir='ltr'>crimine,</span> <span class='ocrx_word' id='word_1_87' title='bbox 759 3247 880 3316; x_wconf 89' lang='lat' dir='ltr'>sed</span> <span class='ocrx_word' id='word_1_88' title='bbox 914 3247 1312 3336; x_wconf 85' lang='lat' dir='ltr'>religiosum</span> <span class='ocrx_word' id='word_1_89' title='bbox 1347 3267 1622 3335; x_wconf 84' lang='lat' dir='ltr'>quoque</span> <span class='ocrx_word' id='word_1_90' title='bbox 1679 3252 1905 3314; x_wconf 89' lang='lat' dir='ltr'>vatem</span> <span class='ocrx_word' id='word_1_91' title='bbox 1955 3249 2023 3313; x_wconf 89' lang='lat' dir='ltr'>et</span> <span class='ocrx_word' id='word_1_92' title='bbox 2060 3244 2294 3333; x_wconf 80' lang='lat' dir='ltr'>patriae</span> <span class='ocrx_word' id='word_1_93' title='bbox 2328 3262 2440 3309; x_wconf 83' lang='lat' dir='ltr'>sa-</span> 
     </span>
     <span class='ocr_line' id='line_1_16' title="bbox 416 3350 2441 3423; baseline -0.002 0"><span class='ocrx_word' id='word_1_94' title='bbox 416 3358 548 3423; x_wconf 83' lang='lat' dir='ltr'>cris</span> <span class='ocrx_word' id='word_1_95' title='bbox 606 3355 1118 3423; x_wconf 82' lang='lat' dir='ltr'>deditissimum</span> <span class='ocrx_word' id='word_1_96' title='bbox 1178 3354 1390 3421; x_wconf 91' lang='lat' dir='ltr'>fuisse</span> <span class='ocrx_word' id='word_1_97' title='bbox 1454 3354 1990 3421; x_wconf 86' lang='lat' dir='ltr'>affirmaverunt.</span> <span class='ocrx_word' id='word_1_98' title='bbox 2062 3350 2441 3418; x_wconf 83' lang='lat' dir='ltr'>Audiamus</span> 
     </span>
     <span class='ocr_line' id='line_1_17' title="bbox 416 3460 2442 3550; baseline -0.002 -21"><span class='ocrx_word' id='word_1_99' title='bbox 416 3462 895 3531; x_wconf 86' lang='lat' dir='ltr'>doctissimum</span> <span class='ocrx_word' id='word_1_100' title='bbox 926 3462 1150 3529; x_wconf 87' lang='lat' dir='ltr'>virum</span> <span class='ocrx_word' id='word_1_101' title='bbox 1192 3460 1276 3528; x_wconf 93' lang='lat' dir='ltr'>de</span> <span class='ocrx_word' id='word_1_102' title='bbox 1306 3461 1447 3528; x_wconf 80' lang='lat' dir='ltr'>vita</span> <span class='ocrx_word' id='word_1_103' title='bbox 1490 3460 1970 3550; x_wconf 83' lang='lat' dir='ltr'>Aristophanis</span> <span class='ocrx_word' id='word_1_104' title='bbox 2021 3464 2442 3527; x_wconf 82' lang='lat' dir='ltr'>commenta-</span> 
     </span>
    </p>

    <p class='ocr_par' dir='ltr' id='par_1_6' title="bbox 352 3566 2441 3873">
     <span class='ocr_line' id='line_1_18' title="bbox 352 3566 2441 3658; baseline -0.003 -20"><span class='ocrx_word' id='word_1_105' title='bbox 352 3613 357 3618; x_wconf 91' lang='lat'>·</span> <span class='ocrx_word' id='word_1_106' title='bbox 413 3574 619 3638; x_wconf 89' lang='lat' dir='ltr'>tum¹</span> <span class='ocrx_word' id='word_1_107' title='bbox 665 3594 678 3635; x_wconf 91' lang='lat'>:</span> <span class='ocrx_word' id='word_1_108' title='bbox 725 3592 753 3633; x_wconf 69' lang='lat' dir='ltr'><strong>c</strong></span> <span class='ocrx_word' id='word_1_109' title='bbox 789 3570 951 3646; x_wconf 84' lang='lat' dir='ltr'>Quis</span> <span class='ocrx_word' id='word_1_110' title='bbox 987 3568 1248 3658; x_wconf 85' lang='lat' dir='ltr'>opinari</span> <span class='ocrx_word' id='word_1_111' title='bbox 1298 3570 1514 3658; x_wconf 86' lang='lat' dir='ltr'>possit</span> <span class='ocrx_word' id='word_1_112' title='bbox 1568 3568 2100 3657; x_wconf 90' lang='lat' dir='ltr'>Aristophanem</span> <span class='ocrx_word' id='word_1_113' title='bbox 2155 3566 2441 3635; x_wconf 90' lang='lat' dir='ltr'>deorum</span> 
     </span>
     <span class='ocr_line' id='line_1_19' title="bbox 414 3673 2441 3766; baseline -0.003 -21"><span class='ocrx_word' id='word_1_114' title='bbox 414 3697 589 3766; x_wconf 89' lang='lat' dir='ltr'>quos</span> <span class='ocrx_word' id='word_1_115' title='bbox 653 3677 891 3746; x_wconf 84' lang='lat' dir='ltr'>civitas</span> <span class='ocrx_word' id='word_1_116' title='bbox 948 3682 1317 3746; x_wconf 84' lang='lat' dir='ltr'>veneretur</span> <span class='ocrx_word' id='word_1_117' title='bbox 1373 3678 1918 3763; x_wconf 86' lang='lat' dir='ltr'>contemptorem</span> <span class='ocrx_word' id='word_1_118' title='bbox 1985 3678 2190 3741; x_wconf 86' lang='lat' dir='ltr'>esse?</span> <span class='ocrx_word' id='word_1_119' title='bbox 2261 3673 2441 3749; x_wconf 84' lang='lat' dir='ltr'>Quos</span> 
     </span>
     <span class='ocr_line' id='line_1_20' title="bbox 412 3781 2438 3873; baseline -0.001 -22"><span class='ocrx_word' id='word_1_120' title='bbox 412 3802 805 3873; x_wconf 83' lang='lat' dir='ltr'>quanquam</span> <span class='ocrx_word' id='word_1_121' title='bbox 843 3784 936 3851; x_wconf 85' lang='lat' dir='ltr'>ita</span> <span class='ocrx_word' id='word_1_122' title='bbox 966 3784 1036 3849; x_wconf 89' lang='lat' dir='ltr'>in</span> <span class='ocrx_word' id='word_1_123' title='bbox 1077 3802 1280 3851; x_wconf 81' lang='lat' dir='ltr'>scena</span> <span class='ocrx_word' id='word_1_124' title='bbox 1318 3781 1664 3871; x_wconf 87' lang='lat' dir='ltr'>produxit,</span> <span class='ocrx_word' id='word_1_125' title='bbox 1702 3781 1993 3849; x_wconf 86' lang='lat' dir='ltr'>utnulla</span> <span class='ocrx_word' id='word_1_126' title='bbox 2018 3781 2303 3849; x_wconf 89' lang='lat' dir='ltr'>omnino</span> <span class='ocrx_word' id='word_1_127' title='bbox 2332 3800 2438 3848; x_wconf 90' lang='lat' dir='ltr'>re—</span> 
     </span>
    </p>
   </div>
   <div class='ocr_carea' id='block_1_5' title="bbox 413 4032 2442 4257">
    <p class='ocr_par' dir='ltr' id='par_1_7' title="bbox 413 4032 2442 4257">
     <span class='ocr_line' id='line_1_21' title="bbox 474 4032 2442 4093; baseline -0.003 -10"><span class='ocrx_word' id='word_1_128' title='bbox 474 4034 492 4068; x_wconf 74' lang='lat'><strong>1</strong></span> <span class='ocrx_word' id='word_1_129' title='bbox 530 4037 717 4090; x_wconf 72' lang='lat' dir='ltr'>Bmmx.</span> <span class='ocrx_word' id='word_1_130' title='bbox 744 4036 993 4093; x_wconf 65' lang='lat' dir='ltr'>Mamers,</span> <span class='ocrx_word' id='word_1_131' title='bbox 1020 4036 1215 4093; x_wconf 74' lang='grc' dir='ltr'><strong>ΒΑΝΚΕ,</strong></span> <span class='ocrx_word' id='word_1_132' title='bbox 1257 4035 1567 4083; x_wconf 84' lang='lat' dir='ltr'>doctissimos</span> <span class='ocrx_word' id='word_1_133' title='bbox 1596 4034 1874 4083; x_wconf 82' lang='lat' dir='ltr'>Germaniae</span> <span class='ocrx_word' id='word_1_134' title='bbox 1914 4034 2049 4081; x_wconf 87' lang='lat' dir='ltr'>viros</span> <span class='ocrx_word' id='word_1_135' title='bbox 2092 4032 2144 4079; x_wconf 88' lang='lat' dir='ltr'>in</span> <span class='ocrx_word' id='word_1_136' title='bbox 2169 4032 2274 4078; x_wconf 87' lang='lat' dir='ltr'>suis</span> <span class='ocrx_word' id='word_1_137' title='bbox 2304 4032 2442 4078; x_wconf 82' lang='lat' dir='ltr'>libris</span> 
     </span>
     <span class='ocr_line' id='line_1_22' title="bbox 413 4112 2438 4176; baseline -0.003 -12"><span class='ocrx_word' id='word_1_138' title='bbox 413 4116 473 4164; x_wconf 91' lang='lat' dir='ltr'>de</span> <span class='ocrx_word' id='word_1_139' title='bbox 504 4116 749 4165; x_wconf 83' lang='lat' dir='ltr'>eomoedia</span> <span class='ocrx_word' id='word_1_140' title='bbox 786 4117 931 4165; x_wconf 85' lang='lat' dir='ltr'>attica</span> <span class='ocrx_word' id='word_1_141' title='bbox 974 4118 1043 4164; x_wconf 87' lang='lat' dir='ltr'>ita</span> <span class='ocrx_word' id='word_1_142' title='bbox 1080 4116 1399 4176; x_wconf 83' lang='lat' dir='ltr'>indulgenter</span> <span class='ocrx_word' id='word_1_143' title='bbox 1427 4117 1579 4165; x_wconf 86' lang='lat' dir='ltr'>nimis</span> <span class='ocrx_word' id='word_1_144' title='bbox 1613 4118 1864 4175; x_wconf 83' lang='lat' dir='ltr'>judicasse</span> <span class='ocrx_word' id='word_1_145' title='bbox 1897 4116 2008 4173; x_wconf 76' lang='lat' dir='ltr'>Jure</span> <span class='ocrx_word' id='word_1_146' title='bbox 2045 4116 2210 4163; x_wconf 83' lang='lat' dir='ltr'>monet</span> <span class='ocrx_word' id='word_1_147' title='bbox 2243 4112 2438 4170; x_wconf 71' lang='lat' dir='ltr'>Gnnm,</span> 
     </span>
     <span class='ocr_line' id='line_1_23' title="bbox 415 4196 1958 4257; baseline -0.001 -14"><span class='ocrx_word' id='word_1_148' title='bbox 415 4197 538 4243; x_wconf 73' lang='lat' dir='ltr'>Hist.</span> <span class='ocrx_word' id='word_1_149' title='bbox 579 4196 637 4244; x_wconf 83' lang='lat' dir='ltr'>de</span> <span class='ocrx_word' id='word_1_150' title='bbox 667 4196 716 4243; x_wconf 84' lang='lat' dir='ltr'>la</span> <span class='ocrx_word' id='word_1_151' title='bbox 753 4197 915 4255; x_wconf 56' lang='lat' dir='ltr'>Grave,</span> <span class='ocrx_word' id='word_1_152' title='bbox 950 4198 1054 4255; x_wconf 83' lang='lat' dir='ltr'>XII,</span> <span class='ocrx_word' id='word_1_153' title='bbox 1084 4196 1191 4254; x_wconf 85' lang='lat'>147,</span> <span class='ocrx_word' id='word_1_154' title='bbox 1220 4198 1271 4247; x_wconf 87' lang='lat' dir='ltr'>in</span> <span class='ocrx_word' id='word_1_155' title='bbox 1302 4198 1505 4245; x_wconf 87' lang='lat' dir='ltr'>notulis.</span> <span class='ocrx_word' id='word_1_156' title='bbox 1540 4198 1700 4257; x_wconf 86' lang='lat' dir='ltr'>(Trad.</span> <span class='ocrx_word' id='word_1_157' title='bbox 1731 4196 1958 4253; x_wconf 71' lang='lat' dir='ltr'>SAnons.)</span> 
     </span>
    </p>
   </div>
  </div>
 </body>
</html>
