3167 5125
529 647 716 715 Licet
735 646 826 715 de
855 644 988 713 diis
1020 644 1207 711 haud
1241 644 1461 713 semel
1502 645 1572 712 in
1615 664 1821 713 scena
1857 644 1997 724 illa,
2032 664 2185 731 quae
2224 642 2465 732 priori-

438 754 570 822 bus
593 752 908 820 Nubibus
931 752 1188 831 aberat,
1246 752 1506 819 mentio
1552 749 1815 818 incidat
1859 757 1928 817 et
1955 750 2187 817 fabula
2225 770 2467 839 parum

437 862 930 929 convenienter
960 860 1328 947 impiorum
1359 860 1768 927 terminetur
1814 842 2173 947 supplicio,
2210 858 2468 924 Aristo-

439 969 729 1058 phaneS,
765 965 1120 1033 comoediae
1147 986 1468 1055 egressus
1519 966 1775 1032 finibus
1822 971 2029 1053 atque
2074 985 2269 1043 sono,
2320 965 2465 1033 viro

439 1074 710 1143 cuidam
763 1073 1038 1141 videtur
1087 1073 1336 1141 similis
1396 1074 1512 1161 qui
1552 1073 1897 1162 repulsam
1966 1091 2211 1161 passus
2280 1078 2349 1139 et
2397 1072 2469 1138 in

441 1202 648 1271 opere
673 1182 984 1249 alacriter
1013 1187 1336 1269 suscepto
1368 1200 1611 1269 parum
1646 1180 1833 1260 felix,
1870 1179 1999 1247 sibi
2042 1178 2249 1246 simul
2281 1178 2467 1245 aliis-

441 1310 580 1379 que
607 1292 936 1356 irascatur
957 1294 1030 1355 et
1058 1288 1317 1376 impetu
1343 1288 1645 1375 quodam
1680 1287 1891 1353 nimio
1924 1305 2317 1375 expugnare
2354 1305 2467 1353 ve·

441 1395 522 1462 lit
548 1394 738 1483 quod
768 1392 1082 1482 aequabili
1113 1396 1224 1461 via
1253 1414 1394 1461 non
1417 1394 1643 1483 potuit
1682 1394 2043 1481 attingere.

530 1500 710 1569 Illud
741 1505 1046 1569 ceterum
1093 1500 1783 1569 animadvertendum
1834 1500 1984 1581 erit,
2027 1498 2333 1567 fabulam
2382 1498 2469 1565 il-

438 1610 603 1689 lam,
639 1629 722 1677 eo
748 1609 1034 1677 consilio
1065 1614 1494 1677 retractatam
1528 1615 1604 1675 ut
1650 1607 1881 1696 populi
1933 1627 2173 1674 rursus
2206 1604 2464 1695 judicio

439 1716 987 1795 submitteretur,
1054 1734 1410 1803 nunquam
1474 1735 1699 1783 scenae
1770 1714 1983 1782 fuisse
2046 1714 2460 1781 restitutam.

439 1827 654 1903 Quam
686 1829 884 1912 poeta
910 1822 1379 1912 imperfectam
1407 1842 1534 1891 nec
1557 1822 1729 1889 satis
1756 1820 2217 1889 cohaerentem
2238 1820 2331 1885 ita
2352 1837 2468 1885 ne-

439 1933 677 2022 glexit,
715 1938 794 1998 ut
823 1930 1060 1999 sedata
1081 1930 1485 2009 offensione,
1537 1949 1747 2017 quam
1778 1949 1863 1997 ex
1912 1928 2146 2017 populi
2192 1931 2465 1995 contra-

439 2041 540 2107 rio
553 2039 814 2129 judicio
841 2045 1254 2127 perceperat,
1290 2059 1430 2106 non
1487 2045 1752 2105 tantum
1782 2041 2074 2104 Nubium
2116 2036 2466 2104 fortunam

439 2146 744 2234 vulgaris
775 2164 958 2213 aurae
981 2164 1122 2213 non
1151 2146 1575 2234 permitteret
1617 2145 2119 2226 inconstantiae,
2157 2142 2281 2211 sed
2311 2162 2470 2210 cau-

441 2271 592 2319 sam
619 2252 867 2341 ipsam,
911 2272 1118 2340 quam
1147 2254 1219 2319 in
1249 2251 1478 2320 fabula
1502 2253 1621 2319 illa
1666 2258 2083 2341 susceperat,
2121 2250 2469 2319 videretur

441 2359 788 2427 deserere.
825 2360 1242 2449 Attamen—in
1291 2358 1439 2427 dies
1469 2359 1691 2449 magis
1741 2366 1945 2448 atque
1982 2359 2205 2447 magis
2235 2358 2471 2445 glisce-

445 2467 560 2535 bat
593 2486 869 2535 morum
900 2466 1308 2555 corruptela,
1355 2468 1465 2535 cui
1497 2467 1800 2555 primum
1852 2466 2125 2534 obviam
2156 2464 2466 2533 eundum

442 2595 598 2644 esse
617 2581 979 2642 censuerat
1010 2575 1506 2663 Aristophanes
1532 2599 1554 2655 ,·
1579 2574 1947 2642 Alcibiadis
1968 2573 2369 2642 auctoritate
2398 2573 2468 2639 in

441 2683 789 2772 republica
847 2682 1284 2770 praevalente,
1321 2702 1460 2750 non
1519 2681 1805 2750 deerant
1870 2685 2275 2771 argumenta
2318 2681 2472 2767 quae

439 2790 692 2858 fabulae
720 2790 1069 2878 proposito
1118 2789 1444 2856 novitatis
1493 2789 1828 2878 quasdam
1870 2789 2284 2879 adjecissent
2319 2786 2469 2854 ille-

398 2971 403 2976 ,
441 2898 703 2976 cebras,
743 2895 1084 2983 siquidem
1117 2896 1558 2964 doctissimus
1600 2897 1703 2964 vir
1730 2889 2153 2985 Phidippidis
2182 2913 2472 2984 persona

442 3002 858 3072 Alcibiadem
882 3004 1107 3091 ipsum
1133 3003 1594 3104 significatum
1636 3023 1813 3081 esse,
1862 3001 2177 3089 quamvis
2231 3020 2471 3088 parum

441 3118 620 3202 apte,
660 3130 1028 3200 aggressus
1045 3116 1151 3178 est
1170 3108 1645 3177 demonstrare
1686 3113 1733 3175 ¹.
1761 3106 2467 3197 Suppressitfabulam

442 3217 936 3306 Aristophanes
968 3222 1036 3284 et
1067 3236 1152 3284 ex
1181 3236 1430 3306 magna
1459 3220 1649 3304 parte
1686 3215 2135 3282 instauratam
2160 3215 2339 3281 inter
2355 3211 2469 3279 ob-

443 3325 734 3392 soletam
764 3324 1123 3392 collocavit
1151 3323 1647 3412 supellectilem
1684 3347 1698 3388 :
1745 3342 1951 3410 quam
2004 3323 2093 3390 ob
2134 3323 2471 3390 rationem
2604 3386 2609 3391 .

443 3432 576 3499 nisi
605 3425 792 3520 quod
831 3451 914 3499 eo
945 3431 1092 3519 ipso
1125 3437 1434 3519 tempore
1461 3429 1546 3498 de
1591 3429 2049 3519 philosophis,
2081 3429 2169 3498 de
2197 3409 2472 3497 Socrate

442 3539 849 3630 praesertim,
927 3538 1296 3626 aequiorem
1355 3537 1936 3606 existimationem
1978 3537 2263 3606 edoctus
2318 3545 2465 3616 est;

441 3647 599 3735 quia
629 3651 788 3734 post
815 3650 1108 3712 Nubium
1151 3646 1632 3728 calamitatem,
1679 3646 1752 3711 in
1804 3645 2055 3733 quibus
2111 3665 2473 3735 argumen-

444 3761 589 3821 tum
615 3771 822 3841 quam
857 3753 1134 3841 ignotus
1159 3751 1705 3821 fueritSocrates
1738 3753 2023 3833 comic0,
2052 3753 2215 3820 satis
2248 3760 2473 3820 osten-

443 3861 568 3941 dit,
604 3861 754 3949 ipso
788 3859 1038 3928 fabulae
1063 3857 1318 3927 infelici
1349 3865 1603 3928 eventu
1632 3858 1720 3926 ad
1744 3859 2239 3927 Socraticorum
2270 3859 2471 3926 fami·
2506 3933 2513 3940 ,

444 3967 805 4034 liaritatem
869 3966 1154 4034 allectus
1225 3969 1370 4034 est?
1429 3967 1613 4043 Quos
1680 3987 1819 4034 non
1888 3965 2105 4055 potuit
2190 3965 2470 4056 propius

503 4200 521 4237 ¹
557 4202 805 4258 Sussvssmu,
841 4199 966 4250 Uber
987 4201 1138 4250 Arist.
1177 4195 1386 4259 Wolkem
1413 4214 1462 4260 p.
1497 4202 1556 4247 56
1581 4202 1756 4260 etseq.
