3167 5125
1629 560 1698 567 —
1738 528 1844 582 130
1883 558 1950 567 -

781 650 1350 740 philosophorum
1389 649 1607 717 libero
1635 650 1959 717 instincta
2016 649 2256 738 spiritu
2288 654 2357 717 et
2390 648 2803 715 necessitate

777 755 1069 843 quadam
1099 756 1323 844 operis
1350 755 1556 822 ducta
1594 756 1679 823 ad
1720 755 1953 823 divina
1993 754 2281 822 ridiculo
2312 752 2796 839 deformanda,
2856 842 2860 849 ⁸

779 862 999 929 atticis
1043 861 1334 929 illustria
1419 863 1905 949 mythologicae
1974 854 2305 929 irrisionis
2384 859 2803 949 exemplaria

783 967 1176 1035 tradiderat.

869 1075 1285 1162 Mythologia
1304 1077 1474 1163 ipsa,
1511 1076 1798 1143 deorum
1828 1084 2213 1164 ἀνθρωποειδῶν
2243 1074 2479 1139 innixa
2505 1072 2796 1151 notioni,

778 1183 1186 1271 provocabat
1211 1182 1295 1249 ad
1325 1193 1609 1271 παρῳδῑαν-
1637 1185 2183 1270 copiosissimum
2212 1180 2475 1247 ridiculi
2507 1179 2807 1245 fontem·

779 1290 870 1354 Ex
903 1310 1039 1376 quo
1067 1308 1204 1355 non
1245 1288 1581 1354 dubitavit
1622 1290 2115 1377 Aristophanes
2154 1310 2233 1355 eo
2281 1287 2564 1354 liberius
2616 1286 2794 1351 hau-

783 1394 918 1461 rire
953 1392 1139 1481 quod
1167 1392 1328 1460 inde
1363 1397 1791 1463 occasionem
1831 1395 2171 1483 Euripidis
2212 1392 2615 1483 tragoediam
2642 1392 2806 1458 alio-

781 1520 1070 1588 rumque
1102 1506 1458 1588 poetarum
1500 1521 1705 1589 opera
1744 1502 2035 1593 vexandi
2082 1501 2375 1588 petebat.

869 1607 1268 1695 Temperata
1323 1608 1620 1695 primum
1676 1607 2123 1675 irreverentia
2176 1626 2335 1692 erga
2380 1624 2567 1673 sacra
2598 1596 2805 1673 deos-

777 1732 912 1800 que
957 1726 1123 1782 usus
1161 1720 1292 1791 est,
1347 1712 1623 1787 deinde,
1670 1733 1741 1779 re
1786 1712 1963 1780 bene
2012 1712 2447 1789 succedente,
2484 1709 2809 1783 audacter

779 1824 848 1885 et
877 1818 1198 1888 omnibus
1231 1818 1818 1897 telis-instructus,
1864 1821 1932 1885 in
1986 1819 2341 1906 Olympios
2396 1836 2807 1905 progressus

779 1929 934 1991 est:
983 1931 1229 1993 uon.·ut
1287 1945 1430 2003 eos,
1469 1946 1661 1995 more
1716 1924 2289 2011 philosophorum
2338 1930 2642 2011 negaret,
2680 1921 2805 1988 sed

779 2036 856 2095 ut
895 2028 1186 2103 ludibrio
1228 2030 1534 2099 haberet.
2348 2090 2353 2097 .

868 2136 1182 2202 Attamen
1215 2142 1370 2219 post
1393 2135 1777 2203 luctuosam
1809 2136 2049 2204 Siciliae
2078 2137 2414 2213 militiam,
2452 2137 2808 2224 impietate

777 2260 1209 2330 compressa,
1273 2240 1360 2308 ad
1407 2243 1701 2329 priscam
1756 2241 1965 2311 fidem
2010 2249 2299 2309 conatus
2348 2250 2457 2309 est
2507 2240 2733 2309 redire
2788 2266 2799 2305 :

777 2347 1052 2427 frustra,
1087 2367 1250 2423 nam
1276 2368 1356 2421 eo
1387 2348 1535 2436 ipso
1568 2354 1900 2436 tempore,
1956 2350 2025 2415 in
2052 2349 2807 2417 Socraticorum'socie-

780 2458 991 2521 tatem
1019 2462 1362 2543 recethS,
1396 2454 1506 2527 vel
1537 2455 1799 2543 inscius
1819 2456 2017 2523 novis
2054 2453 2302 2522 studiis
2328 2454 2807 2543 opinionibus-

777 2579 910 2648 que
961 2561 1322 2640 concessit,
1375 2581 1512 2628 non
1570 2563 1715 2650 jam
1772 2562 2031 2630 comico
2106 2561 2431 2649 abreptus
2518 2561 2805 2648 ingenio

778 2665 902 2737 sed
931 2666 1342 2755 sapientium
1375 2669 1838 2756 persuasione.

863 2773 1468 2843 Retractandarum
1527 2778 1823 2840 Avubium
1881 2775 2113 2840 omisit
2167 2775 2563 2856 consilium,
2625 2781 2809 2862 post-

778 2897 984 2966 quam
1015 2879 1436 2966 satis³priore
1473 2877 1703 2947 fabula
1741 2879 2161 2958 ostenderat,
2196 2900 2273 2948 se
2302 2900 2443 2948 non
2478 2888 2618 2950 tam
2649 2880 2809 2948 deo-

777 3005 934 3052 rum
963 3001 1172 3072 quam
1225 3005 1496 3052 morum
1539 2990 1851 3055 veterum
1908 3006 2142 3052 curam
2186 3005 2448 3072 gerere.
2493 2987 2811 3072 Denique

776 3109 933 3156 cum
965 3093 1160 3156 Pluto
1191 3097 1424 3177 aperte
1455 3090 1540 3156 ad
1592 3091 2044 3179 philosophos
2085 3091 2377 3170 transiit,
2404 3090 2636 3179 quoad
2668 3091 2807 3158 sal-

777 3202 918 3264 tem
958 3197 1246 3275 comice,
1279 3197 1626 3283 popularis
1670 3196 1927 3266 favoris
1965 3195 2239 3284 cupido,
2272 3197 2343 3264 in
2370 3196 2625 3267 fabulis
2646 3197 2812 3266 licet

778 3301 1274 3390 philosophari.
2136 3353 2143 3372 2
2182 3369 2188 3374 .

864 3407 931 3472 Si
998 3407 1222 3493 qualis
1275 3405 1480 3474 fuerit
1529 3407 2009 3495 Aristophanis
2066 3409 2330 3496 religio,
2397 3410 2804 3496 quaerimuS,

775 3511 1330 3599 respondendum
1369 3535 1408 3576 ‘z
1466 3531 1606 3578 non
1665 3531 1869 3579 unam
1922 3513 2357 3586 et-eamdem
2415 3535 2541 3602 per
2588 3516 2807 3584 totius

775 3618 934 3686 vitae
965 3617 1380 3684 curriculum
1411 3617 1711 3686 servavit
1734 3641 1749 3694 ;
1805 3638 1925 3704 pro
1976 3628 2311 3706 tempo-re,
2356 3620 2639 3690 fortuna
2681 3641 2799 3688 ur-

775 3721 918 3800 his,
945 3721 1224 3809 privatis
1258 3721 1367 3788 vel
1396 3721 1643 3790 studiis
1668 3722 1779 3790 vel
1810 3721 2183 3792 inimicitiis
2214 3724 2579 3796 immutata
2606 3732 2713 3794 est
2738 3734 2812 3796 el:⁴

777 3825 1196 3894 ineluctabili
1235 3825 1538 3912 'quadam
1594 3845 1823 3892 rerum
1873 3829 2285 3896 necessitate
2338 3838 2727 3918 premente,
2766 3850 2810 3896 a

780 3932 1074 4021 simplici
1111 3931 1252 4001 fide
1273 3937 1344 3998 et
1368 3931 1631 4018 integra
1665 3934 2115 4019 persuasione
2138 3933 2223 4000 ad
2264 3933 2800 4012 dubitationem,

775 4043 1272 4124 contemptum,
1319 4037 1756 4122 negationem
1789 4035 2119 4103 traducta.

862 4144 1037 4214 Deos
1074 4149 1304 4210 tamen
1337 4141 1589 4234 patrios
1638 4161 1852 4228 quum
1881 4159 2123 4228 parum
2164 4146 2467 4230 primum
2500 4153 2801 4232 curaret,
