3167 5125
1636 504 1920 561 „43-

764 631 891 698 sibi
940 631 1176 699 titulos
1227 630 1604 709 vindicanS,
1659 631 1849 719 operi
1894 631 2211 718 cuiquam
2263 632 2372 702 vel
2418 652 2627 721 pravo
2685 636 2795 702 vel

766 737 1086 816 honesto,
1145 736 1524 803 dummodo
1572 738 1831 805 victum
1882 737 2012 803 sibi
2044 738 2206 806 inde
2252 746 2627 828 comparet,
2672 760 2793 830 ap-

765 853 913 912 tum
964 866 1037 912 se
1094 853 1372 933 praestat
1407 850 1457 912 ·¹.
1512 846 1560 911 E
1612 844 1955 931 Chremyli
2005 844 2213 913 domo
2262 847 2635 933 procaciter
2680 837 2793 915 ex-

762 953 994 1018 clusus
1039 971 1077 1018 a
1117 973 1314 1020 servo
1345 952 1649 1032 Carione,
1679 967 1956 1040 έναγωνίου
1990 951 2270 1027 tandem
2298 954 2578 1019 nomine
2609 954 2785 1021 exci-

761 1060 970 1148 pitur,
1007 1060 1206 1147 coqui
1241 1060 1539 1148 primum
1567 1058 1815 1125 servile
1847 1058 2148 1126 officium
2180 1056 2507 1126 facturus.
2543 1060 2665 1136 Qui
2698 1060 2793 1125 ita

761 1166 968 1233 deum
1007 1166 1202 1233 illum
1243 1168 1314 1233 in
1363 1166 1635 1234 duobus
1689 1166 1938 1234 fabulis
1991 1172 2393 1233 exornatum
2442 1165 2658 1233 fuisse
2706 1166 2791 1233 ab

759 1272 1218 1361 Aristophane
1249 1273 1616 1362 reputabit,
1653 1273 2009 1341 mirabitur
2041 1274 2271 1340 minus
2310 1273 2601 1341 fortasse
2632 1294 2787 1340 cum

758 1378 988 1447 derisu
1009 1386 1078 1447 ei.
1099 1380 1505 1448 ohscoenum
1528 1382 1892 1469 perjocum
1924 1383 2292 1470 Ῑῖἷρμοκοπιδῶν
2328 1380 2397 1447 ln
2422 1385 2790 1463 Lysistrata

755 1486 966 1554 alludi
999 1488 1280 1555 facinori
1319 1481 1482 1567 23et
1511 1490 1726 1576 quum
1750 1486 2117 1555 Alcibiadis
2138 1486 2623 1577 proditionem,
2662 1486 2789 1553 hac

756 1594 1097 1683 Euripidis
1137 1596 1482 1663 sententia
1513 1596 1791 1662 innixus
1814 1592 2311 1683 Aristophanes
2343 1618 2356 1659 ε

1115 1790 1322 1865 Πατρὶς
1347 1789 1452 1865 γάρ
1481 1790 1593 1845 ἔστι
1620 1784 1751 1845 πᾶσ’
1784 1784 1853 1843 ἶν’
1888 1784 1951 1843 ἂν
1976 1782 2184 1865 πράττῃ
2214 1808 2293 1851 τις
2322 1782 2399 1859 εὖ,
2445 1791 2451 1796 ’

751 2019 1152 2098 “appanowa
1216 2010 1919 2088 commemoravisset,
1980 2008 2073 2075 ita
2122 2008 2301 2096 turpi
2358 2008 2786 2078 cavillatione

754 2114 1205 2203 impietatem,
1234 2135 1440 2203 quam
1468 2120 1566 2182 tot
1599 2114 1825 2182 clades
1856 2114 2087 2182 eluere
2116 2101 2587 2203 nequiverant{
2622 2135 2785 2203 quo-

753 2220 1126 2289 dammodo
1155 2222 1490 2289 excusari.

839 2328 998 2395 Haec
1028 2335 1260 2397 tamen
1291 2336 1549 2417 postea,
1605 2349 1819 2416 quum
1866 2330 2105 2418 primis
2154 2329 2782 2418 confirmataexpe-

751 2434 1088 2515 rimentiS,
1147 2437 1404 2525 majora
1444 2435 1588 2523 jam
1630 2441 1973 2503 tentatura
2010 2441 2115 2503 est
2144 2436 2623 2523 Aristophanis
2659 2435 2782 2501 im-

751 2542 992 2631 pietas,
1025 2544 1186 2621 Quae
1213 2544 1466 2611 veroin
1498 2548 1667 2610 Pace
1694 2543 2109 2612 lineamenta
2152 2549 2423 2610 exstant
2447 2543 2781 2612 irrisionis

751 2658 818 2718 et
869 2651 1060 2718 velut
1106 2652 1391 2730 semina,
1442 2653 1511 2718 in
1557 2657 1824 2736 Avibus,
1867 2658 2071 2720 Rani-s
2106 2659 2313 2739 atque
2345 2656 2540 2717 Pluto
2576 2652 2777 2740 pleno

750 2757 922 2824 flore
965 2757 1408 2845 pubescentia
1454 2760 1775 2846 reperies.
1834 2760 2167 2847 Olympus
2207 2760 2391 2827 enim
2440 2759 2776 2826 scarabaeo

751 2884 890 2929 non
923 2863 1196 2931 videtur
1231 2864 1582 2953 indignus,
1632 2867 1701 2931 in
1744 2887 1877 2953 qno
1914 2865 2005 2932 dii
2028 2880 2503 2954 πορνοὸοσκοῡντες
2538 2866 2775 2934 dicun-

747 2975 858 3036 tur
891 2974 958 3051 3,
1019 2977 1086 3038 et
1141 2972 1558 3059 Ganymedis
1619 2972 1957 3040 ambrosia
2017 2973 2524 3061 paratissimum
2582 2993 2777 3041 novae

745 3077 992 3164 aquilae
1055 3077 1285 3145 cibum
1337 3079 1708 3168 praestabit.
1760 3081 2003 3148 Nonne
2050 3081 2268 3168 Opora
2316 3081 2769 3169 Theoriaque,

746 3188 932 3254 Pacis
973 3188 1282 3266 comiteS,
1347 3187 1783 3276 impudenter
1834 3189 2303 3256 meretricibus
2352 3190 2773 3278 aequiparan-

743 3299 876 3372 tur,
941 3301 1008 3360 et
1062 3295 1526 3383 turpissimam
1571 3295 1956 3363 mercedem
1995 3315 2115 3384 pro
2154 3297 2405 3364 amissa
2436 3295 2773 3373 ambrosia

649 3415 652 3420 ·
744 3399 1090 3488 accipiunt
1126 3401 1194 3467 4?

829 3507 949 3572 His
997 3507 1418 3596 impietatem
1467 3508 1731 3587 abesse,
1785 3529 1924 3576 non
1968 3529 2117 3576 eam
2150 3530 2303 3597 quae
2343 3510 2511 3579 deos
2570 3516 2773 3599 neget

741 3613 864 3680 sed
895 3633 1048 3699 quae
1082 3614 1251 3680 'illos
1298 3615 1364 3680 in
1421 3620 1890 3702 contemptum
1942 3615 2257 3694 adducat,
2319 3616 2595 3685 difficile
2646 3619 2772 3686 erit

742 3718 1232 3789 demonstrare.
1266 3723 1360 3791 De
1387 3723 1739 3790 voluntate
1772 3728 1840 3791 et
1868 3722 2151 3790 consilio
2184 3725 2478 3790 auctoris
2500 3724 2770 3791 omitta-

801 3933 819 3973 ¹
851 3933 998 3991 Plut.‚
1037 3939 1172 3991 1097,
1203 3939 1336 3984 1¹75.

797 4004 820 4041 Β
847 4007 1067 4065 Lysi-scr„
1105 4011 1239 4055 1093.
1273 4009 1347 4056 Cr.
1379 4009 1568 4070 Euam,
1608 4011 1807 4070 fragm„
1837 4012 1925 4058 765
1950 4014 1997 4058 et
2016 4013 2124 4058 866.

801 4083 824 4118 ε
850 4089 995 4142 Pax„
1027 4087 1136 4143 847,
1172 4089 1278 4136 724.

803 4165 825 4198 ⁴
850 4168 993 4228 mid„
1035 4171 1142 4215 885.
