3167 5125
1285 489 1605 546 —125—

429 617 643 695 rihuS‚
687 615 1067 686 inferorum
1094 622 1604 704 expresserunt
1634 615 2030 705 imaginem,
2067 616 2238 686 alter
2267 615 2351 684 ad
2373 616 2455 683 ir-

434 725 785 802 risionem,
808 722 981 790 alter
1003 722 1233 810 lyricis
1256 723 1826 812 philosophorum
1853 723 2161 791 ornando
2186 723 2452 811 placita,

432 831 603 899 alter
636 830 947 918 populari
978 829 1139 897 fidei
1186 830 1255 898 in
1288 831 1624 920 tragoedia
1663 831 2030 900 obsecutus
2066 851 2281 919 :quos
2315 851 2456 897 om-

434 959 559 1008 nes
588 938 922 1027 permixte
946 943 1151 1006 vexat
1196 944 1264 1006 et
1299 937 1565 1006 deridet
1613 939 2129 1028 Aristophane3‚
2167 939 2457 1006 Socratis

434 1053 923 1123 accusatorem,
972 1045 1524 1134 Socraticumque
1576 1040 1936 1114 Cinesiam.
1991 1047 2225 1134 Neque
2255 1045 2456 1112 abso-

434 1175 602 1222 num
632 1153 763 1221 fuit
800 1153 1340 1221 Atheniensibus
1368 1153 1614 1222 eodem
1655 1156 1724 1222 in
1775 1155 2066 1234 theatr0‚
2101 1153 2335 1241 paucis
2360 1153 2460 1220 in-

435 1261 731 1349 terjectis
792 1259 1015 1341 anniS,
1044 1257 1329 1328 ridiculo
1388 1263 1639 1330 Socrati
1717 1269 1785 1330 et
1840 1262 2170 1330 infamato
2231 1260 2458 1329 Melito

436 1369 781 1458 plaudere.
1915 1457 1920 1465 Ι

521 1475 704 1541 Nihil
735 1476 983 1544 melius
1014 1497 1142 1546 nos
1184 1483 1251 1544 et
1290 1484 1509 1566 poetae
1558 1479 1799 1545 comici
1839 1478 1910 1544 in
1946 1476 2456 1566 religiosis-ani-

437 1603 627 1648 mum
658 1588 726 1650 et
768 1584 1193 1652 Athenarum
1238 1584 1678 1672 irrequietam
1727 1583 2272 1672 mutabilemque
2316 1583 2461 1672 opi-

440 1692 721 1758 nionem
762 1690 1008 1758 docere
1038 1698 1267 1779 potest
1298 1715 1315 1771 ;
1350 1691 1526 1760 nihil
1547 1692 1793 1760 clarius
1815 1692 2149 1758 rationem
2177 1688 2464 1756 reddere

439 1818 559 1864 cur
588 1797 1087 1886 Aristophanes
1120 1799 1264 1886 ipse
1293 1819 1413 1886 per
1441 1799 1748 1867 convicia
1795 1799 1867 1864 in
1923 1798 2276 1885 antiquam
2315 1796 2463 1864 reli-

438 1905 712 1993 gionem
756 1907 1093 1984 invectuS,
1151 1904 1498 1974 interdum
1539 1906 1940 1994 religionem
1975 1905 2164 1973 visus
2225 1904 2313 1972 sit
2351 1902 2462 1970 de-

438 2011 740 2091 fendere,
784 2017 853 2079 et
883 2012 1224 2080 Socratem
1256 2013 1499 2080 acriter
1522 2032 1889 2102 aggressus
1918 2014 1987 2080 in
2021 2031 2243 2096 scena,
2289 2031 2461 2078 nun-

438 2139 643 2207 quam
676 2119 985 2208 privatus
1014 2118 1437 2186 familiariter
1468 2121 1741 2188 Socrate
1775 2125 1844 2187 et
1867 2118 2221 2187 Socraticis
2241 2118 2459 2184 omni·

439 2224 569 2292 hus
602 2226 699 2291 uti
722 2223 1081 2292 destiterit.
1120 2225 1381 2315 Nempe
1429 2228 1608 2294 sicut
1629 2233 1827 2315 poeta
1862 2226 2092 2294 omnia
2123 2224 2210 2292 ad
2241 2233 2463 2293 artem

440 2353 636 2400 suam
662 2332 1020 2420 dirigebat,
1050 2334 1157 2400 cui
1182 2334 1912 2422 nonnunquamlege5‚
1956 2353 2204 2411 moreS,
2243 2333 2460 2420 pieta-

442 2445 580 2506 tem
610 2457 768 2527 erga
797 2437 989 2517 deos,
1025 2459 1433 2528 magnorum
1465 2440 1769 2508 virorum
1823 2440 2066 2506 merita
2090 2445 2158 2506 et
2184 2436 2458 2506 divino-

442 2567 595 2615 rum
636 2551 1022 2635 respectum
1084 2544 1488 2615 submittere
1536 2567 1678 2615 non
1722 2544 2082 2626 dubitavit,
2130 2545 2220 2613 ita
2260 2544 2464 2613 Athe-

444 2654 717 2721 nienses
751 2674 967 2722 unum
993 2653 1063 2720 id
1094 2674 1267 2742 opus
1299 2652 1656 2721 comoediae
1695 2653 2063 2733 duxerunt,
2099 2659 2172 2721 ut
2201 2672 2320 2721 eos
2355 2654 2464 2741 ju·

444 2760 666 2829 cunda
706 2782 958 2842 rerum,
995 2761 1381 2843 hominum,
1429 2761 1719 2830 deorum
1744 2762 2124 2831 imitatione
2167 2759 2463 2829 delecta-

445 2873 571 2947 ret,
609 2873 677 2935 et
717 2869 932 2935 risum
958 2889 1391 2956 quocumque
1420 2868 1632 2937 modo
1677 2870 2002 2938 excitaret
2029 2889 2152 2957 per
2181 2888 2460 2935 cuneos,

445 2976 567 3051 Qui
594 2981 1010 3063 spectatores
1066 2974 1373 3054 aderant,
1408 2976 1663 3062 quique
1721 2980 1908 3042 vates
1939 2976 2008 3041 in
2042 2995 2243 3042 scena
2270 2974 2468 3043 doce-

410 3072 609 3148 'bant
639 3081 928 3162 fabulas,
966 3102 1127 3149 cura
1157 3062 1575 3169 reliquorum
1630 3081 1913 3169 abjecta,
1979 3080 2323 3151 theatrum
2357 3080 2464 3146 in-

447 3191 663 3279 gressi
689 3189 776 3257 ad
806 3191 1155 3259 lasciviam
1180 3211 1391 3259 unam
1432 3189 1922 3259 convertebant
1953 3174 2245 3256 animos.
2281 3189 2466 3257 Aris·-

449 3298 733 3386 tophani
765 3299 929 3366 satis
973 3300 1060 3367 sit
1112 3298 1299 3387 quod
1356 3298 1702 3387 proposito
1735 3317 1860 3364 suo
1889 3296 2148 3384 optime
2186 3316 2468 3385 respon·
2529 3290 2536 3305 '

450 3403 623 3471 derit
648 3412 717 3473 et
745 3405 1269 3475 Atheniensium
1313 3406 1854 3494 expectationem
1908 3402 2050 3471 fere
2069 3422 2342 3491 semper
2376 3402 2469 3471 vi-

450 3511 635 3577 cerit.
658 3512 757 3579 Ne
790 3518 1017 3579 tamen
1050 3512 1179 3580 sibi
1218 3512 1350 3579 nisi
1394 3513 1650 3595 comice
1705 3531 1976 3580 morum
2005 3508 2468 3579 emendatoris

452 3622 519 3682 et
564 3618 920 3706 sapientiae
967 3618 1374 3707 professoris
1427 3619 1699 3687 titulum
1745 3617 2066 3698 vindicet,
2099 3616 2231 3684 nisi
2281 3616 2368 3685 de
2395 3638 2468 3687 se

450 3731 763 3813 posteros
814 3729 1121 3795 severius
1149 3747 1355 3814 quam
1383 3727 1674 3795 Socratis
1704 3726 2076 3815 discipulos
2107 3725 2255 3793 vult
2292 3726 2470 3814 judi·

451 3853 623 3903 care.

538 3939 729 4019 Quod
750 3940 836 4010 ad
870 3964 996 4011 nos
1033 3942 1300 4025 attinet,
1348 3944 2002 4015 commentationem
2043 3941 2224 4013 hanc
2249 3964 2288 4012 a
2318 3943 2468 4013 Pla·

451 4052 609 4117 tone
639 4051 989 4138 auspicati,
1022 4054 1076 4141 ej
1092 4053 1331 4120 usdem
1360 4054 1660 4122 nominis
1689 4052 2067 4143 patrocinio
2089 4074 2225 4142 quo
2248 4058 2471 4142 coepta

452 4165 555 4224 est
610 4155 908 4226 velimus
972 4161 1379 4231 concludere
1400 4182 1420 4242 ;
1465 4164 1581 4251 qui
1637 4184 1794 4229 cum
1845 4162 2053 4229 nimia
2110 4163 2472 4233 severitate
