3167 5125
1333 472 1394 487 ...
1438 444 1508 497 37
1545 473 1615 486 -.

460 574 690 638 utrum
721 568 884 636 inde
915 568 1241 637 archaicae
1273 570 1538 659 pietatis
1569 572 2097 650 incrementum,
2132 590 2220 638 an
2254 573 2479 661 potius

458 696 613 743 cum
677 696 944 742 morum
1013 676 1394 764 corruptela
1469 696 1818 744 sacrorum
1884 684 2317 767 contemptus
2390 679 2485 769 ef-⁸

457 782 754 849 fluxerit.
789 782 887 849 Ne
928 781 1013 849 de
1054 782 1346 849 mirabili
1395 790 1613 871 poetae
1652 789 1795 851 arte
1826 804 1978 871 quae
2012 783 2482 853 diversissima

458 890 526 955 in
557 908 778 956 unum
825 888 1038 955 valuit
1070 889 1486 979 conjungere
1521 889 1877 969 disseram,
1924 912 2156 959 nonne
2196 898 2480 983 stupen-

458 996 622 1063 dum
654 996 803 1077 erit,
833 996 1131 1062 carmina
1158 996 1275 1061 illa
1293 1016 1331 1062 a
1353 997 1687 1085 protervis
1708 999 1773 1064 in
1808 998 1966 1067 fano
1993 1001 2251 1067 Cereris
2276 1008 2481 1089 atque

457 1105 776 1171 Minervae
791 1102 1196 1169 mulieribus
1234 1107 1281 1183 ¹,
1305 1109 1373 1171 et
1399 1124 1437 1170 a
1458 1104 1814 1173 beatorum
1836 1106 2044 1173 choro
2064 1106 2149 1173 ad
2172 1108 2483 1176 Plutonis

454 1213 636 1280 fores
699 1210 1053 1279 decantata
1109 1210 1478 1291 evolventi,
1543 1216 1753 1279 tantae
1816 1214 2158 1302 majestati
2211 1215 2279 1281 in
2339 1222 2480 1281 tam

454 1320 780 1387 effrenata
819 1317 1087 1383 licentia
1133 1316 1348 1384 fuisse
1375 1318 1629 1398 locum,
1666 1324 1733 1386 et
1763 1319 1943 1408 apud
1974 1319 2252 1388 eosdem
2286 1342 2480 1409 spec-

453 1433 706 1497 tatores
757 1426 875 1513 qui
932 1424 1356 1511 AEschylum,
1417 1426 1666 1513 tragice
1720 1432 1973 1506 tamen,
2020 1426 2107 1492 ad
2155 1430 2483 1514 mysteria
2528 1419 2533 1424 ’

450 1532 878 1601 alludentem
941 1550 1118 1619 pene
1180 1531 1647 1601 interfecerint
1680 1536 1731 1611 2,
1798 1539 1937 1599 tam
2000 1532 2266 1601 facilem
2324 1554 2481 1601 cum

453 1640 758 1729 procacia
787 1638 1388 1729 impudentissima
1419 1638 1695 1706 comicis
1729 1639 1961 1705 divina
1988 1640 2475 1708 commiscendi

448 1748 720 1816 veniam
777 1745 1172 1834 contigisse.
1227 1746 1607 1833 Utcumque
1641 1766 1715 1813 se
1748 1765 1859 1813 res
1893 1745 2123 1826 habet,
2160 1747 2305 1817 sive
2335 1748 2479 1835 jam

450 1860 599 1921 tum
654 1853 724 1919 in
781 1871 1039 1919 meram
1093 1851 1661 1939 superstitionem
1714 1853 2043 1939 mysteria
2094 1854 2370 1942 orphica
2411 1840 2479 1921 et

447 1967 802 2029 nocturnae
862 1958 1270 2027 caerimoniae
1322 1957 1830 2047 degenerarunt
1868 1964 1917 2039 3,
1980 1959 2124 2027 sive
2179 1961 2368 2049 leges
2409 1966 2479 2029 et

449 2068 886 2156 magistratus
927 2065 1318 2133 bacchanali
1359 2066 1651 2133 licentiae
1705 2066 1918 2134 multa
1958 2073 2470 2147 concesserunt,

446 2176 783 2243 fateamur
832 2174 958 2241 erit
1009 2192 1313 2252 necesse,
1370 2193 1508 2242 non
1557 2174 1652 2239 ita
1704 2173 1928 2240 cultus
1976 2173 2131 2240 illos
2170 2174 2476 2262 potuisse

446 2281 1028 2362 commendari‚'si
1070 2280 1468 2360 venerandi,
1513 2300 1739 2369 neque
1778 2282 1863 2348 ad
1892 2282 2191 2369 priorem
2220 2284 2473 2350 sancti·
2551 2360 2555 2364 ‚

445 2396 655 2459 tatem
697 2388 956 2468 reduci,
1005 2390 1060 2455 si
1113 2390 1409 2476 corrupti
1449 2413 1461 2453 :
1521 2389 1685 2475 quin
1725 2388 1863 2455 imo
1912 2390 2168 2456 comica
2196 2389 2473 2457 licentia

443 2498 662 2588 magis
687 2502 891 2586 atque
921 2496 1140 2585 magis
1172 2494 1755 2574 deformabantur,
1792 2494 1883 2561 ita
1916 2500 1989 2561 ut
2014 2512 2051 2562 e
2085 2494 2350 2563 theatro
2400 2496 2469 2561 in

443 2605 805 2693 templum,
859 2624 897 2672 a
933 2617 1152 2671 ‘scena
1196 2601 1280 2668 ad
1322 2621 1472 2669 aras
1527 2600 2008 2689 commigraret
2057 2601 2357 2682 lascivia,
2402 2608 2471 2670 et

439 2711 626 2800 quod
655 2712 835 2778 inter
863 2711 1078 2778 risum
1111 2713 1527 2797 exceperunt
1557 2713 1975 2796 spectatores
2011 2708 2262 2797 pietate
2294 2727 2463 2796 qua-

441 2817 598 2884 dam
657 2823 1139 2905 temperatum,
1193 2835 1312 2904 per
1364 2814 1605 2892 risum,
1670 2817 1781 2881 vix
1832 2815 2081 2902 pietate
2130 2814 2455 2895 admixta,

438 2929 930 2992 venerarentur
965 2922 1306 3012 supplices
1341 2921 1392 2988 4.

1389 3241 1511 3306 §2

523 3456 1051 3545 Aristophanem
1076 3475 1115 3522 a
1136 3455 1424 3542 mystica
1445 3455 1636 3522 omni
1663 3454 1994 3544 religione
2014 3453 2464 3521 abhorruisse

432 3564 909 3632 demonstrant
947 3584 1086 3632 non
1119 3566 1346 3631 solum
1392 3583 1471 3631 ea
1517 3583 1671 3652 quae
1725 3560 2043 3650 praedicta
2102 3568 2285 3640 sunt,
2337 3557 2461 3627 sed

433 3672 769 3761 praecipue
789 3671 1319 3740 adventitiorum
1340 3670 1704 3738 numinum
1726 3675 1795 3736 et
1812 3689 1894 3736 ex
1914 3667 2218 3736 barbaris
2236 3667 2461 3734 oriun-

496 3876 515 3911 1
551 3878 738 3938 Lysi-st„
768 3875 904 3933 1247,
926 3879 990 3924 ad
1007 3878 1095 3925 fin.
1116 3893 1129 3933 ;
1154 3876 1353 3932 Thetim„
1378 3878 1466 3924 663
1488 3881 1535 3923 et
1553 3889 1679 3935 seq„
1707 3878 1795 3922 715
1816 3880 1865 3921 et
1883 3887 2016 3933 seq.;
2046 3875 2189 3930 Ram,
2213 3873 2323 3930 324,
2348 3875 2454 3924 675.

457 3957 462 3961 ’
490 3955 514 3988 2
545 3959 760 4014 AEmm„
797 3961 910 4005 Var.
939 3957 1074 4015 hist„
1103 3959 1161 4013 V,
1194 3961 1266 4005 16.
1299 3958 1370 4006 Cf.
1400 3959 1613 4014 Leimon,
1640 3953 1895 4017 Aylaoph„
1930 3957 2005 4002 77.

489 4036 513 4070 ³
545 4039 612 4084 De
635 4052 735 4097 quo
758 4038 862 4085 vid.
896 4039 1108 4094 Leuant,
1135 4037 1276 4098 ibid„
1313 4040 1402 4084 628
1438 4041 1486 4085 et
1512 4051 1615 4102 seq.

493 4115 516 4157 ⁴
547 4118 670 4165 Vide
697 4117 1026 4178 Epimetrum.
