3167 5125
1384 569 1667 623 —21-

457 673 742 768 ”Quum
770 684 986 758 Semel
1012 690 1178 758 artis
1208 690 1613 780 dignitatem
1644 692 1887 785 adepta
1905 686 2048 795 erat
2060 672 2358 785 τρυγῳδία,
2376 662 2533 763 non

494 789 706 895 ⁴desiit
727 816 809 863 ex
851 797 1038 864 omni
1073 787 1263 885 part-e
1293 818 1448 865 cum
1497 800 1884 903 primordiis
1942 790 2087 869 suis'
2127 790 2527 903 congruere,

489 896 622 969 'et
597 922 907 971 censurae
931 902 1320 970 licentiam
1305 924 1375 970 1n
1426 905 1713 974 deorum
1780 897 2155 1011 patrocinio
2210 910 2528 975 servavit.

451 1004 863 1101 '‘Religiosis
912 1008 1195 1097 hymnis
1254 1002 1571 1080 decolem
1627 1012 1894 1079 addidit
1948 1004 2415 1103 augustiorem
2467 1023 2537 1084 et

453 1110 462 1119 ’
504 1118 814 1205 amplum
844 1138 1119 1206 semper
1164 1120 1501 1186 concessit
1548 1120 1801 1186 locum.
1853 1110 2049 1197 Quod
2104 1126 2331 1209 tamen
2372 1123 2536 1190 artis

449 1218 461 1231 '
506 1221 722 1314 magis
750 1221 955 1313 quam
991 1243 1197 1291 merae
1248 1227 1517 1313 pietatis
1563 1226 1961 1295 habendum
2012 1234 2116 1295 est
2173 1227 2528 1296 indicium.

504 1332 674 1399 Nam
742 1336 1105 1421 postquam
1156 1331 1550 1401 infelicitate
1631 1341 2020 1422 temporum
2074 1338 2143 1401 et
2199 1324 2534 1404 exhausto

471 1436 764 1519 'affl-ario,
802 1439 1122 1527 choregia
1143 1437 1412 1523 sublata
1442 1446 1566 1517 est,
1604 1461 1817 1529 pauca
1864 1441 2213 1531 religionis
2263 1432 2534 1510 reman-

504 1542 743 1614 serunt
770 1546 842 1613 in
874 1543 1123 1613 fabulis
1163 1544 1493 1633 vestigia3
1531 1543 1705 1610 nihil
1745 1546 1887 1634 jam
1920 1552 2163 1614 sancte
2192 1550 2258 1615 et
2287 1536 2532 1614 rite'in

502 1674 703 1722 scena
736 1659 839 1721 est
877 1652 1340 1734 decantatum,
1375 1670 1599 1743 neque
1626 1653 1916 1741 impium
1948 1652 2301 1722 comoediae
2332 1644 2527 1743 argu-

447 1761 454 1767 '
503 1767 818 1827 mentum
842 1760 971 1849 piis
1003 1754 1418 1826 carminibus
1442 1756 1905 1849 temperatum
1932 1764 2060 1828 est.
2166 1770 2173 1779 '

589 1866 784 1946 Quod
833 1867 888 1934 si
938 1865 1333 1949 ridiculum,
1388 1867 1659 1955 propria
1696 1866 2051 1935 comoediae
2093 1868 2411 1948 materia,
2449 1890 2532 1937 ex

500 1972 1054 2043 discordantibus
1086 1974 1264 2041 inter
1295 1994 1370 2041 se
1413 1980 1481 2042 et
1511 1974 1806 2042 invicem
1850 1976 2531 2065 repugnantibusre-

501 2104 650 2149 rum
709 2088 828 2150 aut
885 2102 1334 2171 personarum
1401 2082 1763 2149 elementis
1816 2078 2095 2173 profluit
2134 2089 2191 2163 ¹,
2250 2078 2535 2153 necesse

498 2196 641 2258 erat
674 2196 750 2257 ut
777 2204 839 2258 τὸ
865 2206 998 2259 θεῖον
1035 2190 1358 2256 humanae
1385 2189 1832 2256 imbecillitati
1869 2182 2317 2280 pravitatique
2348 2213 2531 2260 com-

499 2299 815 2378 mixtum,
852 2297 1201 2366 communi
1229 2295 1481 2383 alioqui
1513 2316 1721 2364 sensu
1751 2295 2156 2378 abhorrenS,
2195 2297 2281 2365 ad
2316 2298 2528 2366 risum

497 2412 564 2473 et
590 2406 776 2495 vulgi
809 2404 1332 2472 delectationem
1359 2402 1905 2491 detorqueretur.
1941 2404 2201 2472 Divinae
2237 2405 2529 2473 civitatis

494 2518 737 2593 status,
777 2510 998 2603 qualis
1036 2509 1122 2578 ab
1167 2504 1545 2578 Homericis
1580 2528 1946 2600 expressus
1984 2508 2227 2592 fuerat,
2273 2510 2358 2580 ad
2394 2504 2525 2579 hu-

495 2619 778 2688 'manam'
800 2619 1265 2688 conformatus
1307 2617 1865 2699 similitudinem,
1903 2624 2145 2708 suapte
2184 2625 2426 2687 natura
2458 2626 2525 2688 et

495 2728 886 2797 conditione
912 2727 1187 2794 comicae
1212 2725 1548 2794 facundiae
1575 2725 1902 2795 admovet
1931 2725 2271 2807 stimulos,
2310 2732 2379 2795 et
2410 2749 2525 2819 po·
2578 2789 2589 2800 .

496 2836 801 2928 pularem
823 2835 1198 2924 procaciam
1221 2834 1458 2922 pascit,
1487 2833 1694 2900 simul
1718 2839 1921 2922 atque
1943 2833 2217 2904 labente
2244 2835 2517 2925 pietate,

496 2943 837 3024 homineS,
874 2940 1112 3009 altiore
1142 2940 1391 3010 eruditi
1419 2941 1750 3022 doctrina,
1784 2941 1991 3010 deum
2024 2943 2283 3011 ratione
2316 2949 2521 3032 atque

495 3056 728 3120 mente
775 3049 1132 3138 concipere
1186 3049 1539 3137 incipiunt.
1596 3048 1784 3116 Tunc
1833 3057 2188 3138 augustam
2233 3047 2519 3118 deorum

497 3161 925 3249 majestatem
957 3175 993 3222 a
1031 3155 1467 3246 philosophis
1498 3154 1850 3224 definitam
1893 3176 2035 3223 non
2064 3157 2205 3245 jam
2238 3143 2520 3246 impune

490 3266 686 3334 licuit
724 3264 1116 3333 consociare
1156 3263 1478 3330 humanis
1510 3262 2025 3331 infirmitatibus
2056 3269 2122 3331 et
2154 3284 2310 3330 cum
2342 3284 2519 3368 mor-

495 3373 743 3441 talibus
781 3371 966 3439 vitiis
1009 3384 1359 3470 παραλλήλως
1401 3369 1749 3450 conferre,
1798 3371 1985 3459 quin
2008 3370 2188 3460 ultro
2228 3370 2313 3474 ad
2344 3405 2521 3461 παρῳ-

491 3492 632 3564 δίαν,
696 3479 1250 3568 copiosissimum
1304 3474 1570 3544 ridiculi
1602 3477 1891 3559 fontem,
1944 3479 2281 3548 incitaret.
2332 3471 2519 3546 Nihil

495 3589 703 3677 igitur
739 3585 989 3654 mirum
1029 3586 1110 3664 si,
1156 3605 1292 3672 quo
1340 3588 1650 3674 tempore
1700 3585 2095 3676 philosophi
2141 3585 2213 3653 in
2253 3577 2520 3678 ἁνθρωσὶο-
2566 3659 2574 3665 ,

473 3705 637 3771 'catate
668 3693 835 3762 deos
882 3691 1204 3760 omnibus
1255 3691 1568 3760 instructi
1616 3694 1823 3761 armis
1875 3699 2396 3783 processerunt,
2446 3702 2549 3762 et.

482 3804 626 3892 jam
681 3801 928 3888 cuique
967 3819 1206 3867 manca
1254 3805 1323 3867 et
1374 3819 1411 3867 e
1463 3800 1818 3868 contrariis
1875 3801 2167 3868 conflata
2202 3820 2357 3869 esse
2385 3819 2511 3867 na-

491 3915 643 3976 tura
681 3927 920 3977 eorum
968 3907 1326 3998 apparuit,
1376 3913 1602 3998 'poetae
1656 3907 1895 3977 comici
1949 3926 2153 3997 opera
2185 3907 2511 3992 sua‘inde

467 4161 486 4182 ⁵
546 4169 564 4206 ¹
609 4176 798 4230 Amsr„
835 4175 981 4229 Poet„
1013 4174 1070 4221 V.
1085 4158 1176 4222 Τὸ
1199 4163 1396 4236 ’γελοῖόν
1423 4173 1552 4223 ἐστιν
1571 4171 1835 4238 ἁμάρτημά
1860 4187 1923 4231 τι,
1952 4173 2035 4221 καὶ
2059 4171 2231 4237 αἶσχος
2262 4167 2512 4270 ἀνώδυνον

488 4255 570 4302 καὶ
589 4253 648 4304 οὗ
672 4251 948 4318 φθαρτικόν.
