3167 5125
1263 498 1544 551 -47-

385 624 756 694 Mercurius
821 630 900 691 ut
960 624 1265 693 divinam
1321 620 1823 713 supellectilem
1892 616 2239 707 (qualemi
2318 613 2411 682 dii

383 734 546 800 boni
570 735 642 819 l),
691 735 950 815 χυτρίδια
974 738 1065 793 καὶ
1095 734 1313 792 σανίδια
1332 731 1696 813 κάμφορείδια,
1737 746 2033 815 quorum
2090 721 2418 789 rileUlUS

385 845 544 907 ante
587 839 823 907 oculos
859 838 1225 923 apparatus
1265 832 1466 921 jacet,
1521 838 1815 899 tueatur.
1850 830 2419 916 Adsuntquoque

387 944 856 1015 commentitia
897 940 1207 1018 numina,
1239 939 1605 1007 Tumultus
1632 947 1837 1027 atque
1864 937 2153 1015 Bellum,
2190 954 2274 1003 ex
2306 952 2420 1001 ve-

390 1052 652 1121 teribus
691 1047 1116 1137 mythologis
1161 1052 1540 1134 assumpta,
1604 1066 1758 1134 quae
1795 1045 2048 1111 frustra
2091 1042 2423 1131 pistillum

389 1160 477 1229 ad
525 1158 853 1227 Graeciam
901 1153 1392 1223 conterendam
1433 1154 1814 1241 requirunt.
1850 1152 2037 1219 Nihil
2076 1151 2327 1217 mirum
2364 1148 2425 1217 si

391 1266 760 1335 immodica
790 1260 1154 1331 insolentia
1183 1260 1360 1327 hanc
1391 1258 1844 1328 deformatam
1876 1258 2147 1346 Olympi
2176 1258 2423 1346 majes-

395 1380 604 1442 tatem
655 1368 914 1438 accedit
953 1369 1302 1457 TrygaeuS,
1359 1388 1568 1455 quem
1608 1366 2121 1457 jucundissime
2154 1364 2422 1432 Germa-

393 1482 590 1548 nicus
633 1480 1134 1547 commentator
1178 1477 1433 1543 recenti
1483 1474 1754 1543 cuidam
1790 1501 1823 1537 «
1874 1473 2163 1542 commis
2210 1491 2421 1557 voya-

393 1607 563 1677 geur
616 1612 651 1647 »
721 1587 1068 1673 comparat
1105 1584 1152 1648 ¹.
1236 1581 1570 1650 Conviciis
1646 1582 1941 1671 primum
1995 1602 2033 1648 a
2099 1580 2423 1648 Mercurio

394 1699 745 1782 exceptuS,
799 1689 920 1759 sed
976 1708 1061 1755 ne
1109 1693 1340 1755 motus
1390 1687 1698 1775 quidem,
1742 1689 2134 1757 comitatem
2175 1685 2305 1754 sibi
2356 1691 2425 1753 et

395 1797 948 1867 benevolentiam
1000 1794 1202 1863 donis
1249 1796 1415 1863 emit
1469 1802 1536 1863 et
1591 1802 2067 1864 renascentem
2114 1799 2271 1883 post
2316 1792 2429 1859 ab·

397 1910 708 1995 sumptas
765 1924 1004 1971 carnes
1065 1902 1234 1968 iram
1281 1901 1600 1969 feriarum
1665 1902 2122 1991 promissione
2174 1906 2241 1969 et
2286 1919 2428 1967 non

397 2012 710 2103 gratuitis
740 2010 1059 2100 precibus
1103 2010 1351 2077 iterum
1401 2011 1797 2099 compescit.
1855 2011 2091 2078 Patera
2126 2026 2331 2077 aurea
2363 2011 2431 2073 et

395 2102 580 2187 Jovis
614 2124 877 2185 metum
922 2122 990 2184 et
1031 2115 1330 2183 fatorum
1371 2137 1603 2183 curam
1642 2137 1797 2205 quae
1843 2115 2215 2184 liberandae
2244 2113 2433 2181 Pacis

399 2225 686 2295 consilio
717 2224 1082 2303 violantur,
1126 2224 1473 2312 portitoris
1502 2225 1733 2291 animo
1782 2223 1997 2311 fugat,
2050 2224 2143 2290 ita
2175 2228 2251 2289 ut
2282 2223 2431 2309 ipse

401 2352 574 2421 pene
615 2330 876 2400 nefario
921 2329 1110 2419 operi
1140 2328 1527 2397 subsidium
1559 2330 1880 2418 praebeat.
1916 2330 2289 2398 Mercurius
2318 2329 2434 2396 ille

403 2438 986 2525 Aristophaneus,
1051 2456 1259 2523 quem
1313 2434 1554 2503 eadem
1616 2437 1842 2525 specie
1900 2458 2299 2525 expressum
2364 2436 2434 2501 in

402 2544 598 2613 Pluto
633 2543 971 2614 habemus
1007 2546 1059 2624 2,
1093 2542 1333 2610 alacris
1362 2541 1622 2630 aliquid
1654 2549 1723 2612 et
1747 2544 1962 2633 jocosi
1995 2565 2135 2633 prae
2170 2563 2245 2612 se
2272 2542 2429 2622 fert,

401 2673 536 2740 quo
578 2655 734 2742 jure
775 2656 1016 2734 tharo
1075 2658 1335 2728 nostro,
1387 2652 1670 2718 mutatis
1720 2651 2096 2732 mutandiS,
2142 2651 2433 2720 conferri

404 2764 650 2848 potest.
695 2759 908 2835 Quem
957 2758 1349 2845 antiquitus
1382 2757 1712 2846 alioquin,
1763 2780 1900 2827 non
1936 2760 2249 2828 hilariter
2284 2767 2434 2826 tan-

403 2873 550 2934 tum
593 2864 715 2934 sed
764 2865 1020 2933 comice
1062 2863 1494 2932 celebrarunt
1528 2865 1775 2952 hymni
1809 2866 2163 2947 homerici,
2202 2866 2435 2934 fratris

403 2972 736 3061 Apollinis
797 2971 1009 3040 boves
1070 2971 1553 3060 surripientem
1618 2978 1685 3039 et
1740 2975 2023 3041 inventa
2087 2971 2437 3041 testudine

407 3079 788 3168 placantem
806 3078 1194 3146 inimicitias
1215 3080 1268 3158 3;
1291 3079 1408 3166 qui
1425 3078 1597 3146 levis
1618 3078 2019 3147 caduceator
2036 3079 2120 3146 ab
2147 3079 2435 3166 Olympo

407 3185 493 3252 ad
527 3186 852 3257 mortales
889 3212 922 3248 «
955 3186 1146 3273 itque
1174 3185 1489 3273 reditque
1523 3186 1703 3252 viam
1732 3187 1935 3254 toties
1968 3213 2001 3249 »
2040 3193 2107 3252 et
2156 3184 2439 3253 dolosus

407 3293 554 3381 ipse
585 3293 968 3366 latronibus
1022 3293 1369 3369 omnibuS,
1425 3293 1921 3362 mercatoribus
1968 3313 2267 3382 quoque,
2305 3313 2435 3358 nu-

411 3421 567 3468 men
602 3399 894 3467 habetur
927 3400 1243 3478 tutelare;
1288 3400 1405 3487 qui
1438 3399 1739 3488 denique
1768 3411 2105 3484 Ψυχαγώγου
2156 3400 2225 3466 in
2252 3419 2438 3466 com-

410 3507 722 3574 mentitia
759 3507 1082 3595 Odysseae
1131 3514 1319 3596 parte
1363 3507 1673 3596 fungitur
1725 3505 1965 3576 officiis
1998 3507 2049 3587 4,
2100 3515 2167 3575 et
2202 3506 2441 3574 alacris

411 3635 641 3705 prave,
679 3621 920 3703 utpote
954 3616 1312 3685 innumera
1333 3615 1576 3684 doctus
1614 3615 1897 3684 artificia
1927 3623 1996 3684 et
2025 3613 2442 3704 multiplices

470 3839 490 3876 ¹
520 3842 573 3891 C.
601 3841 758 3899 Kocx,
793 3856 872 3902 op.
907 3843 1010 3899 cit„
1040 3857 1090 3902 p.
1113 3847 1190 3892 96.

468 3921 493 3956 ²
521 3919 675 3980 Plut„
707 3925 824 3971 1008
850 3926 897 3970 et
924 3934 1028 3980 εθᾳ.
2328 3973 2333 3977 ,

471 4002 494 4037 ³
535 4005 718 4065 Hymni
744 4006 962 4061 Homer„
993 4005 1073 4051 111.
1107 4005 1233 4052 Edit.
1261 4005 1475 4066 Pierron,
1511 4017 1560 4063 p.
1593 4007 1681 4052 525
1708 4010 1878 4063 etseq·
1914 4003 1986 4052 Cf.
2010 4005 2254 4058 Faunum,
2287 4004 2327 4058 1,
2354 4001 2442 4048 327

409 4090 455 4152 et
485 4098 587 4144 seq.

470 4161 494 4196 ⁴
521 4163 628 4221 Od.‚
661 4165 831 4222 XXIV,
865 4164 974 4212 init.
