3167 5125
1220 472 1508 524 ...15-

335 605 542 667 tatem
584 596 844 663 dabant
882 596 1174 684 copiam,
1225 614 1510 663 necesse
1547 602 1693 662 erat
1753 600 1831 661 ut
1863 594 2089 661 omnis
2138 594 2375 683 religio

334 710 698 773 vocaretur
725 703 798 769 in
827 700 1146 769 dubium.
1195 703 1272 769 In
1319 702 1574 769 divinis
1620 702 1807 769 enim
1852 722 1993 769 non
2032 702 2189 769 licet
2228 702 2377 769 sine

335 810 638 900 periculo
702 829 958 898 magno
1005 810 1338 877 innovare
1384 834 1398 875 :
1459 810 1715 897 quippe
1762 829 1915 895 quae
1981 807 2199 875 semel
2246 828 2369 896 pro

336 919 618 1008 optimis
666 916 927 996 habita,
989 916 1356 1005 imperium
1424 917 1495 982 in
1552 916 1821 982 animos
1885 914 2199 1003 perdant,
2243 916 2376 984 nisi

335 1025 996 1111 inviolatumatque
1017 1022 1446 1091 immutabile
1475 1028 1797 1111 praestare
1822 1030 2178 1089 conentur.
2228 1026 2375 1090 Mu-

335 1140 480 1200 tata
505 1131 748 1220 religio
773 1149 1020 1197 arcana
1045 1150 1170 1196 sua
1193 1130 1776 1217 interrogantibus
1801 1127 2089 1196 recludit
2104 1152 2123 1207 ;
2154 1148 2378 1217 neque

341 1240 486 1306 nlla
525 1243 825 1327 possunt
869 1256 1024 1303 esse
1057 1237 1310 1323 templa
1351 1253 1591 1303 serena
1636 1233 1763 1301 nisi
1812 1256 1967 1323 quae
2010 1236 2166 1302 altis
2195 1237 2375 1304 edita

337 1345 723 1425 montibus,
771 1343 1048 1411 eminus
1091 1348 1358 1408 tantum
1396 1342 1931 1430 conspiciuntur,
1987 1343 2217 1411 liberae
2266 1346 2375 1410 in-

339 1450 784 1539 vestigationi
817 1469 958 1516 non
993 1454 1251 1537 patent.
1295 1448 1488 1525 Quod
1519 1449 1698 1516 hene
1728 1450 2209 1517 intellexerunt
2260 1453 2376 1538 qui

340 1559 854 1626 constituerunt
905 1555 1274 1640 mysteria3
1323 1555 1765 1624 stabilitatem
1810 1557 2107 1636 silentio,
2169 1577 2376 1625 vene-

341 1665 686 1731 rationem
707 1668 973 1729 secreto
1009 1668 1356 1749 pararunt.
1387 1661 1517 1729 Sed
1549 1682 1631 1729 ex
1661 1663 2117 1750 philosophiae
2146 1664 2375 1731 studio

342 1770 552 1837 simul
577 1775 784 1856 atque
813 1768 1382 1856 superstitionum
1413 1788 1542 1835 usu
1565 1774 1793 1835 ortum
1831 1764 2009 1857 cepit
2038 1772 2379 1837 sententia

343 1878 484 1957 illa,
517 1876 780 1944 scilicet
803 1874 1088 1943 meliora
1117 1894 1322 1962 posse
1347 1875 1713 1963 excogitari
1734 1896 1941 1963 quam
1969 1898 2121 1964 quae
2144 1876 2231 1945 de
2248 1876 2379 1943 diis

343 1985 644 2073 majores
694 1980 1142 2061 tradiderant,
1187 2001 1318 2048 nec
1374 1982 1524 2070 ipsa
1590 1981 1871 2050 demum
1930 1984 2161 2051 habita
2218 1992 2379 2051 sunt

349 2092 640 2181 optima.
684 2090 833 2156 Jam
879 2087 1042 2154 inde
1073 2107 1110 2153 a
1143 2088 1501 2176 principio,
1545 2090 1701 2175 quia
1745 2089 2139 2158 adventitiae
2188 2100 2379 2158 erant

345 2197 916 2287 superstitionum
953 2194 1455 2283 persuasione&
1503 2203 1811 2263 recenter
1849 2196 2051 2263 illatae
2077 2205 2143 2263 et
2170 2216 2377 2285 pecu-

348 2305 498 2371 liari
524 2303 911 2371 initiatione
939 2300 1174 2389 paucis
1207 2308 1593 2377 reservatae,
1628 2322 1765 2368 non
1805 2310 2171 2369 caruerunt
2199 2302 2377 2369 diffi-

345 2410 616 2488 dentia,
687 2408 976 2485 invidia,
1047 2408 1301 2475 derisu.
1379 2410 1502 2474 Per
1565 2415 1777 2475 totam
1852 2410 2089 2481 urbem
2145 2410 2379 2476 audire

345 2523 492 2586 erat
521 2534 729 2584 voces
768 2514 1060 2582 aliorum
1109 2535 1273 2582 suos
1313 2513 1480 2582 deos
1522 2514 2037 2594 celebrantium,
2088 2516 2375 2584 aliorum

346 2628 418 2693 in
449 2624 735 2694 eosdem
767 2621 1338 2700 conviciantium;
1378 2627 1446 2688 et
1483 2643 1699 2709 quum
1722 2624 1865 2711 jam
1908 2625 2096 2690 nulla
2142 2631 2377 2691 essent

349 2753 541 2800 sacra
597 2751 751 2818 quae
806 2750 946 2796 non
997 2728 1300 2794 fautores
1351 2735 1993 2818 contemptoresque
2050 2731 2381 2800 haberent

347 2839 690 2928 propriOS,
733 2836 966 2903 omnia
1003 2835 1208 2900 simul
1240 2836 1306 2900 in
1345 2855 1424 2902 eo
1462 2845 1655 2903 erant
1685 2845 1758 2904 ut
1783 2840 2380 2926 perspicacissimis

348 2945 616 3013 civibus
643 2944 888 3011 fierent
914 2941 1219 3008 ridicula.
1250 2941 1441 3009 Adde
1469 2941 1605 3010 huc
1631 2945 2186 3033 Peloponnesiaci
2217 2945 2377 3012 belli

348 3052 786 3120 ambitiosam
843 3049 1446 3137 exspectationem,
1515 3071 1673 3138 spes
1732 3053 2034 3118 infinitas
2068 3052 2379 3119 luctuosa

351 3158 769 3249 pestilentiae
806 3156 1190 3224 calamitate
1232 3177 1687 3244 compressas,
1740 3158 1991 3223 variam
2025 3166 2092 3225 et
2128 3164 2379 3224 nutan-

352 3272 496 3334 tem
529 3266 822 3352 inceptae
862 3263 1122 3329 militiae
1163 3262 1532 3342 fortunam,
1588 3265 2025 3351 irrequietam
2072 3265 2377 3353 volupta-

351 3379 527 3452 tum,
573 3370 989 3447 divitiarum,
1027 3367 1514 3436 dominationis
1537 3371 1953 3459 cupidinem,
1985 3372 2232 3460 quibus
2262 3373 2375 3442 alii

354 3479 442 3544 ad
469 3497 728 3545 meram
774 3477 1216 3564 impietatem,
1265 3475 1374 3540 alii
1418 3475 1502 3541 ad
1535 3484 1921 3544 exterarum
1973 3481 2377 3569 religionum

317 3593 624 3654 'errores
654 3582 1085 3650 reciderunt:
1135 3583 1230 3648 ita
1271 3589 1346 3648 ut
1385 3584 1737 3670 permixtis
1769 3575 2115 3667 omnihus,
2161 3590 2378 3676 majo—

355 3713 507 3758 rum
540 3691 861 3779 dogmata
892 3689 1284 3756 obsolerent
1313 3695 1379 3756 et
1413 3690 1586 3755 nihil
1624 3693 1767 3780 jam
1807 3703 2159 3784 appareret
2194 3697 2375 3783 quod

355 3799 426 3864 in
459 3818 696 3866 eorum
721 3796 948 3862 locum
988 3794 1164 3861 bene
1195 3794 1644 3864 aedificaretur
1684 3803 1730 3865 ¹.

419 4047 440 4081 ¹
473 4048 546 4096 Cf.
579 4049 825 4104 Taucrn„
860 4049 941 4104 111,
973 4051 1052 4104 82,
1091 4051 1181 4106 833
1215 4050 1272 4106 11,
1307 4053 1382 4108 52,
1415 4055 1489 4099 53.
1519 4052 1592 4099 Cf.
1630 4054 1715 4100 ΤΗ.
1750 4054 1905 4110 Rom,
1940 4054 2182 4114 Aristoph.
2226 4055 2382 4114 Voeyet,

357 4129 573 4186 Einleit.‚
611 4131 636 4174 7
663 4133 709 4175 et
733 4142 833 4187 seq.
