3167 5125
1557 456 1837 510 -66-

678 591 824 656 tum
890 588 959 652 et
1019 580 1308 650 inscitiae
1395 567 1668 648 tantum
1729 579 2170 648 excusatione
2228 579 2713 648 indemnatum

676 690 1077 760 dimissum.
1116 689 1215 757 Ne
1247 687 1586 755 scenicam
1627 685 1908 775 quidem
1963 688 2452 774 mysteriorum
2483 687 2712 754 imita-

681 799 969 878 tionem,
1002 815 1206 884 quam
1238 793 1588 882 tragoediae
1617 796 1942 882 majestas
1973 815 2113 862 non
2146 793 2562 883 deprimeret
2591 793 2716 862 sed

682 905 1152 994 amplificaret,
1184 901 1504 969 videntur
1528 907 1676 968 tum
1699 901 1964 988 passuri
1990 901 2202 968 fuisse
2225 901 2711 979 AthenienseS,

685 1010 943 1080 nedum
1000 1008 1359 1077 ridiculam
1429 1006 2002 1075 deformationem
2051 1028 2248 1097 aequo
2298 1009 2529 1076 animo
2603 1007 2718 1076 ad-

686 1118 1102 1208 spexissent.
1137 1115 1639 1184 Demosthenes
1671 1113 2000 1182 adversus
2033 1114 2310 1182 Midiam
2338 1135 2568 1195 orans,
2609 1115 2750 1182 vel·

690 1226 879 1293 solus
911 1223 1325 1291 documento
1351 1222 1501 1304 erit,
1532 1242 1670 1288 non
1692 1242 1996 1296 cessasse
2027 1229 2262 1310 postea
2285 1223 2353 1289 in
2384 1223 2720 1311 religiosis

694 1333 835 1400 vim
863 1331 1098 1420 legum
1132 1332 1185 1411 ¹,
1218 1334 1285 1397 et
1317 1329 1515 1396 anxia
1539 1329 1836 1417 quadam
1862 1329 2321 1398 sollicitudine
2341 1351 2462 1418 pro
2489 1329 2721 1418 patriis

694 1438 943 1506 habitis
1002 1437 1132 1504 diis
1198 1437 1268 1503 in
1324 1437 1834 1510 irreverentiam
1910 1456 2190 1504 omnem
2258 1437 2719 1504 Athenienses

694 1545 1097 1636 gravissime
1188 1562 1459 1632 semper
1531 1541 2098 1610 animadvertisse
2124 1597 2141 1623 ,
2219 1544 2424 1612 etiam
2505 1565 2720 1632 quum

692 1652 930 1742 religio
962 1650 1187 1720 omnis
1210 1650 1626 1740 negligentia
1679 1656 1795 1716 aut
1839 1651 2185 1738 impietate
2239 1651 2316 1716 ad
2367 1652 2720 1719 interitum

693 1765 945 1828 rueret.

780 1870 903 1942 Qui
934 1865 1139 1953 igitur
1168 1864 1611 1952 Aristophani
1639 1865 2065 1934 licuissetbis
2089 1866 2155 1933 in
2185 1867 2542 1936 comoediis
2563 1887 2718 1956 spe-

696 1973 871 2041 ciem
922 1972 1411 2058 mysteriorum
1495 1971 1779 2039 ridiculo
1841 1972 2289 2041 deformatam
2353 1973 2578 2050 edere,
2650 1975 2720 2038 in

710 2083 1400 2162 leesmoplzoriazusis
1431 2097 1680 2166 nempe
1705 2084 1907 2165 atque
1938 2079 2007 2146 in
2038 2085 2278 2146 lionis?
2304 2081 2484 2146 Num
2519 2080 2722 2148 Athe-

700 2187 1001 2264 nienseS,
1038 2184 1389 2273 voluptate
1418 2203 1624 2272 quam
1666 2205 1745 2252 ex
1776 2187 2064 2253 scenicis
2101 2186 2380 2254 ludicris
2402 2186 2724 2276 percipie-

692 2293 857 2359 bant
876 2291 1123 2371 allecti,
1150 2311 1235 2358 ne
1262 2291 1607 2358 Eleusinia
1627 2290 1932 2378 quidem,
1957 2293 2461 2362 sanctissimam
2484 2295 2722 2382 patriae

696 2399 1045 2489 religionis
1077 2404 1363 2488 partem,
1400 2419 1438 2464 a
1462 2399 1864 2470 Bacchanali
1904 2400 2180 2468 licentia
2220 2407 2362 2469 tuta
2398 2422 2552 2470 esse
2592 2423 2720 2470 vo-

695 2508 997 2589 luerunt,
1054 2505 1177 2575 sed
1226 2506 1392 2575 deos
1440 2525 1764 2595 sacraque
1810 2508 2042 2576 omnia
2090 2507 2427 2598 permixte
2492 2507 2721 2577 defor-

696 2614 944 2681 manda
974 2612 1401 2681 tradiderunt
1436 2614 1714 2681 comicis
1742 2620 1766 2680 ?
1816 2615 2334 2705 Aristophaneae
2367 2616 2724 2685 comoediae

656 2792 663 2800 ,
698 2721 1027 2808 mysteria
1065 2720 1252 2809 operi
1286 2741 1411 2787 suo
1454 2720 1844 2787 adhibentis
1885 2729 2064 2790 recta
2090 2723 2563 2812 interpretatio
2603 2723 2740 2805 du-‚

698 2827 1103 2894 bitationem
1138 2847 1441 2904 omnem,
1474 2828 1545 2893 ni
1584 2828 1806 2906 fallor,
1847 2830 2216 2898 amovebit.

790 2934 1135 3002 Praedictis
1173 2933 1421 3001 fabulis
1456 2940 1678 3001 ortum
1717 2934 2388 3026 dederunttempora
2418 2938 2532 3005 illa
2561 2938 2728 3005 laeti-

703 3042 811 3109 tiae
839 3048 906 3109 ot
938 3042 1355 3109 comicorum
1384 3042 1507 3106 arti
1545 3041 1815 3120 infesta,
1861 3042 2110 3129 quibus
2145 3064 2456 3113 eversam
2507 3045 2732 3112 Sicula

701 3149 892 3217 clade
933 3153 1343 3237 potestatem
1393 3147 1819 3236 gloriamque
1867 3150 2326 3220 Athenienses
2370 3152 2732 3220 restituere

708 3256 1157 3335 conabantur,
1194 3262 1261 3323 et
1290 3255 1623 3322 luctuosis
1655 3253 1959 3343 depressi
1987 3257 2514 3345 cogitationibus
2544 3259 2733 3325 inau-

704 3362 918 3429 ditam
971 3362 1451 3440 calamitatem,
1520 3382 1674 3448 quae
1750 3362 2194 3450 amplissimae
2256 3366 2403 3453 spei
2462 3384 2736 3432 succes-

703 3474 907 3549 serat,
943 3468 1186 3556 privati
1233 3468 1664 3556 reputabant,
1712 3488 1833 3556 per
1891 3468 2036 3536 vias
2075 3475 2144 3537 et
2197 3472 2498 3558 compita
2543 3490 2734 3538 exse-

706 3575 1070 3641 crabantur
1102 3578 1153 3641 ⁸2.
1214 3575 1449 3661 Neque
1504 3575 1698 3643 locus
1739 3582 1880 3643 erat
1958 3577 2236 3645 comicis
2296 3597 2418 3666 per
2463 3576 2735 3645 solit-am

700 3681 1053 3749 lasciviam
1089 3680 1173 3747 d'c
1205 3680 1519 3750 civilibus
1560 3682 1764 3750 rebus
1796 3682 2182 3764 cavillandi,
2227 3704 2456 3771 neque
2480 3690 2735 3773 specta-

767 3876 782 3909 ¹
824 3880 1076 3925 Dauos’rn.
1110 3877 1167 3922 in
1192 3876 1333 3933 inid„
1366 3878 1454 3923 517
1484 3881 1655 3935 etseq.
1685 3876 1756 3925 Cf.
1789 3879 1843 3925 in
1879 3880 2075 3935 Neaera,
2098 3893 2145 3939 p.
2181 3882 2313 3937 1385,
2350 3880 2371 3941 Ξ
2410 3884 2511 3928 116.
2543 3879 2737 3927 Aristo-

702 3958 839 4014 10165,
866 3958 1056 4017 Stilpon
1081 3958 1541 4015 Theophrastusque
1565 3957 1791 4013 ᾰσεὸείας
1816 3964 1972 4022 γραφῇ
1991 3959 2190 4006 fuerunt
2215 3961 2370 4019 petiti.
2395 3962 2502 4008 Vid.
2524 3963 2696 4007 Arm-:N
2723 3996 2732 4005 .

702 4040 808 4095 XV,
837 4052 885 4097 p.
910 4041 1015 4087 696.
1050 4040 1187 4086 Dion.
1223 4040 1421 4098 LAEn'r„
1458 4040 1515 4094 V,
1548 4040 1604 4094 ὃς
1636 4040 1693 4093 11,
1733 4040 1845 4095 ¹103
1876 4041 1933 4097 V,
1967 4042 2043 4096 37,
2071 4044 2161 4088 etc.

764 4116 786 4151 2
819 4118 888 4166 Cf.
920 4120 1109 4177 Rmms,
1142 4122 1206 4165 De
1233 4120 1339 4165 υἰεα,
1366 4118 1637 4178 ΑνὶειορΙι.,
1670 4118 1692 4179 ἕ
1723 4123 1795 4167 10.
