3167 5125
1279 485 1560 545 ..83-

403 618 717 701 tramque
743 613 1016 681 anxiam
1070 612 1605 681 sollicitudinem
1634 614 1905 681 intersit
1954 638 1969 679 ε
2002 612 2191 682 unde
2222 614 2439 681 mani-

400 719 644 788 festior
681 720 762 785 fit
799 740 990 789 error
1018 739 1258 788 eorum
1287 720 1406 808 qui
1435 725 1578 786 tam
1599 719 1870 787 diversa
1896 720 2077 790 inter
2098 741 2175 789 se
2202 722 2443 790 volue-

404 833 568 894 runt
595 826 908 895 conferre
944 831 1012 894 et
1037 826 1520 916 Aristophanis
1555 826 1979 915 impietatem
2024 828 2095 893 in
2128 828 2435 895 christia-

405 953 654 999 norum
689 932 1164 1021 exemplorum
1197 932 1576 1021 patrocinio
1617 932 1971 1000 collocare.

491 1041 646 1108 Non
671 1040 930 1127 majore
953 1040 1464 1109 existimatione
1501 1038 1717 1128 digna
1749 1044 1856 1107 est
1913 1038 2265 1108 distinctio
2314 1059 2447 1127 qua

404 1146 849 1214 Germanicus
879 1150 1138 1219 auctor,
1183 1164 1428 1234 parum
1449 1149 1685 1225 notuS,
1737 1144 1992 1233 alioqui
2041 1144 2340 1214 disertus
2379 1154 2449 1215 et

405 1252 572 1319 satis
603 1251 910 1340 eleganS,
941 1250 1231 1318 crimine
1260 1250 1607 1340 praecipuo
1626 1250 1842 1317 nostri
1872 1251 2275 1341 religionem
2303 1252 2448 1320 vin-

406 1360 634 1428 dicare
683 1364 970 1428 conatus
1032 1365 1138 1427 est
1175 1360 1223 1425 ¹.
1267 1357 1635 1427 Contendit
1682 1359 1865 1427 enim
1916 1360 2447 1449 Aristophanem

405 1487 614 1554 quam
644 1466 1155 1534 accuratissime
1202 1465 1572 1554 populares
1622 1464 1791 1533 deos
1831 1470 1899 1534 et
1927 1468 2311 1555 praesertim
2339 1487 2445 1535 re-

405 1579 666 1655 centes,
718 1573 804 1640 ah
835 1573 920 1639 iis
949 1593 1123 1660 quos
1151 1588 1430 1662 κατρῲους
1462 1572 1823 1639 nominare
1870 1593 2020 1639 mos
2050 1579 2193 1641 erat
2223 1592 2451 1662 segre·
2511 1636 2517 1641 .

406 1700 631 1769 gasse,
675 1680 814 1746 illis
848 1684 1119 1764 tantum
1169 1698 1480 1747 censurae
1525 1700 1669 1747 suae
1708 1678 2026 1748 intulisse
2066 1679 2443 1768 flagellum,

407 1808 627 1875 quum
654 1787 786 1855 1103
833 1788 1182 1854 immunes
1215 1790 1284 1854 et
1312 1784 1681 1855 inviolatos
1712 1784 2084 1873 reliquerit.
2119 1786 2310 1865 Quod
2330 1806 2450 1875 per

409 1913 486 1961 se
516 1892 794 1961 difficile
848 1898 1086 1982 posset
1151 1892 1428 1961 defendi
1489 1892 1623 1959 nisi
1680 1892 1847 1960 satis
1905 1892 2139 1960 subtili
2188 1892 2310 1959 sed
2368 1912 2449 1961 ea

409 2000 580 2069 falsa
627 2000 1194 2090 interpretatione
1237 1998 1608 2069 verborum
1666 2019 2033 2089 rerumque
2088 2001 2443 2068 niteretur.

411 2110 536 2176 Per
569 2123 851 2197 πατρῴους
879 2106 1065 2175 enim
1104 2106 1272 2175 deos
1304 2128 1445 2174 non
1483 2105 1667 2172 idem
1708 2125 1861 2174 esse
1916 2106 2443 2196 intelligendum

407 2215 502 2281 ait
530 2219 769 2282 auctor
795 2233 1004 2301 quam
1043 2212 1101 2282 si
1127 2228 1389 2303 πατρίους
1412 2232 1613 2282 voces
1641 2237 1655 2279 ε
1686 2233 1924 2303 πατρῷοι
1954 2212 2253 2282 habendi
2280 2220 2443 2281 sunt

409 2321 654 2410 Apollo
691 2328 958 2388 tantum
987 2327 1191 2409 atque
1241 2322 1564 2399 Minerva,
1601 2340 1825 2409 neque
1852 2321 2111 2411 Jupiter
2148 2323 2295 2411 ipse
2324 2322 2448 2387 hu-

402 2429 519 2517 jus
551 2428 854 2495 nominis
880 2428 1146 2496 honore
1174 2427 1494 2516 dignatur
1522 2430 1577 2493 2.
1610 2426 1803 2504 Quod
1836 2427 2008 2493 mihi
2040 2448 2179 2494 non
2211 2448 2451 2516 appro-

410 2533 602 2603 bavit
639 2540 878 2603 auctor
908 2539 976 2602 et
1005 2554 1247 2604 vereor
1270 2540 1347 2602 ut
1384 2534 1703 2623 cuiquam
1746 2533 1965 2624 possit
2001 2533 2444 2622 persuadere.

414 2644 873 2730 Praeterquam
917 2641 1102 2730 quod
1126 2643 1388 2730 Jupiter
1417 2661 1695 2731 quoque
1723 2661 1906 2730 saepe
1926 2657 2156 2732 πατρίου
2192 2662 2449 2711 nomen

411 2748 869 2837 usurpaverit,
906 2768 1048 2816 11011
1105 2747 1349 2816 eodem
1393 2753 1621 2816 tamen
1656 2768 1862 2816 sensu
1892 2769 2099 2837 quam
2135 2749 2382 2839 Apollo
2409 2770 2450 2817 a

413 2874 550 2940 quo
567 2873 790 2942 genus
810 2851 1150 2920 ducebant
1166 2853 1647 2935 AthenienseS,
1666 2875 1835 2922 num
1853 2855 2134 2923 tandem
2151 2857 2451 2924 Minerva

413 2966 618 3046 atque
639 2958 882 3048 Apollo
906 2980 1058 3046 quae
1078 2960 1224 3026 sola
1247 2979 1408 3028 vere
1437 2981 1666 3050 πατρῷα
1692 2961 1976 3027 numina
2002 2961 2246 3028 volunt
2267 2980 2444 3040 esse,

413 3066 894 3155 Aristophanis
914 3071 1432 3155 ceterorumque
1460 3067 1880 3134 comicorum
1905 3067 2151 3155 impias
2172 3067 2448 3133 cavilla-

414 3173 638 3240 tiones
661 3172 1050 3261 effugerunt
1083 3178 1108 3239 ?
1139 3171 1332 3248 Quod
1363 3172 1449 3240 ad
1481 3171 1872 3261 Apollinem
1910 3170 2176 3251 attinet,
2218 3177 2471 3246 utrum,

413 3299 575 3346 casu
599 3298 684 3344 an
710 3283 930 3367 poetae
961 3277 1318 3347 voluntate
1370 3299 1510 3347 11011
1559 3278 1779 3346 habeo
1832 3298 1969 3366 quo
2024 3277 2223 3358 nitar,
2267 3298 2447 3345 nun-

417 3406 627 3474 quam
659 3387 808 3474 ejus
837 3403 1203 3475 personam
1239 3385 1717 3474 Aristophanis
1742 3386 1813 3451 in
1839 3385 2087 3452 fabulis
2116 3384 2451 3474 prodiisse

413 3492 889 3561 adnotandum
949 3497 1078 3572 est,
1134 3513 1360 3581 neque
1417 3512 1500 3559 ex
1541 3492 1959 3579 reliquorum
2027 3492 2447 3560 comicorum

416 3599 904 3688 superstitibus
925 3600 1330 3688 fragmentis
1362 3600 1471 3666 vel
1503 3597 2002 3667 comoediarum
2028 3599 2245 3667 titulis
2270 3599 2449 3666 affir-

417 3707 587 3772 mari
615 3711 843 3795 potest
863 3704 1058 3773 illum
1081 3725 1386 3793 unquam
1405 3705 1663 3772 comice
1684 3704 2069 3773 incessisse.
2092 3706 2338 3794 Dequo
2355 3705 2449 3771 in—

479 3909 498 3943 1
539 3913 824 3968 Bsnmnnn,
861 3923 943 3970 op.
975 3911 1081 3964 cit..
1114 3923 1163 3968 p.
1197 3911 1224 3955 7
1249 3913 1425 3968 etseq.

478 3990 502 4024 ²
538 3994 604 4039 Dc
641 4006 743 4051 quo
782 3992 886 4040 vid.
927 3993 1096 4049 Pan„
1135 3990 1348 4052 Euhyd„
1396 3995 1487 4038 392
1527 3994 1579 4038 D.
1624 3992 1739 4047 Ζεὺς
1764 3992 1805 4040 δ’
1842 3993 1958 4054 ἡμῖν
1996 3997 2221 4056 πατρῷος
2264 3993 2350 4054 μὲν
2387 3992 2447 4041 οὐ

418 4073 656 4128 καλεῖται,
687 4074 876 4137 ἑρκεῖος
911 4072 964 4120 δὲ
1003 4072 1086 4120 καὶ
1124 4071 1365 4135 φράτριος.
1395 4072 1452 4117 V.
1485 4072 1660 4118 Senot..
1689 4073 1898 4129 Vnum„
1930 4071 1999 4118 ad
2042 4069 2211 4132 Iliad„
2242 4073 2303 4128 ΙΙ,
2336 4074 2441 4119 371.

423 4154 722 4210 Hunorum,
749 4153 812 4200 ad
845 4167 893 4200 v.
924 4156 1052 4215 τρεῖς
1083 4152 1204 4207 θεοὶ,
1235 4155 1282 4198 et
1301 4153 1514 4209 Ponant,
1543 4153 1817 4208 onomast„
1846 4153 1971 4208 VIII,
2000 4151 2104 4200 142.
2187 4157 2193 4164 '
