3167 5125
1291 506 1614 561 -117—

431 634 618 703 deris
647 635 1103 723 quaestionem
1139 631 1377 701 fulcire
1423 652 1568 700 non
1612 630 1955 700 immerito
2002 630 2136 701 dici
2186 633 2458 722 poterit.

429 741 562 811 Sed
603 742 860 810 leviora
920 759 1196 829 quoque
1250 740 1366 806 illa
1427 738 1578 807 aliis
1634 738 2075 828 comprobata
2124 759 2266 809 non
2314 742 2464 810 sine

429 854 790 918 momento
817 856 1044 917 erunt.
2132 924 2141 931 .

518 958 870 1045 Plerisque
899 954 987 1022 ad
1014 955 1201 1023 hunc
1233 954 1415 1023 diem
1439 954 1811 1042 judicibuS,
1838 954 1957 1042 qui
1988 958 2285 1021 Nubium
2336 976 2456 1025 ex-

428 1067 816 1153 posuerunt
847 1063 1301 1151 propositum,
1341 1082 1494 1129 mos
1531 1068 1677 1131 erat
1714 1061 2016 1129 fabulam
2065 1061 2253 1129 illam
2299 1082 2457 1151 per-

428 1169 754 1264 pendere,
791 1170 982 1256 quasi
1021 1169 1286 1258 integra
1324 1176 1392 1237 et
1440 1168 1662 1256 qualis
1700 1165 1785 1235 ad
1842 1186 1970 1235 nos
2030 1170 2341 1257 pervenit
2370 1169 2457 1237 ab

429 1276 891 1365 Aristophane
939 1276 1236 1363 primum
1295 1276 1637 1363 exscripta
1686 1273 2175 1351 fuerit1.Quae
2223 1281 2453 1344 tamen

429 1404 644 1472 quum
688 1383 906 1453 semel
953 1388 1100 1450 acta
1132 1402 1290 1451 ,non
1323 1382 1710 1471 placuisset,
1748 1382 1839 1447 ita
1858 1386 2213 1449 retractata
2251 1388 2357 1451 est
2382 1390 2457 1449 ut

429 1491 674 1581 prioris
701 1490 1087 1579 argumenti
1119 1489 1336 1557 multa
1386 1493 1681 1561 mutaret
1707 1494 1933 1575 poeta,
1970 1487 2269 1577 demptis
2301 1510 2454 1578 quae

428 1599 730 1666 maxime
767 1596 1268 1686 spectatoribus
1308 1596 1823 1684 displicuerant,
1876 1594 2131 1663 additis
2176 1615 2453 1685 quoque

425 1726 580 1793 quae
613 1704 970 1772 meliorem
1002 1701 1130 1769 sibi
1163 1701 1512 1769 fortunam
1560 1705 1876 1789 paratura
1912 1721 2067 1769 esse
2110 1702 2457 1769 existima-

424 1812 566 1879 bat.
601 1812 776 1889 Quin
815 1811 955 1883 imo
1015 1814 1284 1877 constat
1324 1813 1761 1875 retractatam
1805 1807 1993 1873 illam
2036 1807 2341 1875 fabulam
2380 1810 2454 1875 in

425 1938 704 1989 scenam
733 1937 1090 2005 nunquam
1112 1914 1452 2004 prodiisse
1471 1920 1539 1983 et
1561 1920 1925 2003 postquam
1945 1915 2015 1981 in
2048 1914 2453 2003 corrigenda

422 2028 540 2095 illa
562 2026 680 2093 diu
722 2031 922 2115 poeta
979 2023 1350 2102 sudaverit,
1410 2042 1696 2089 manum
1750 2022 1813 2089 ei
1862 2041 2207 2091 summam
2253 2021 2451 2091 illum

423 2141 546 2203 aut
596 2134 906 2201 noluisse
949 2136 1066 2198 aut
1115 2150 1256 2198 non
1324 2130 1631 2219 potuisse
1677 2129 2054 2218 imponere,
2112 2128 2259 2197 sive
2303 2128 2455 2197 aliis

424 2246 750 2309 avocatus
775 2238 980 2309 fuerit
1031 2236 1375 2326 operibuS‚
1411 2236 1559 2304 sive
1612 2235 2013 2304 difficultate
2061 2236 2157 2304 rei
2198 2236 2455 2304 abster-

425 2349 625 2416 ritus,

515 2456 678 2533 Quae
707 2473 894 2522 nunc
917 2454 990 2519 in
1011 2464 1223 2519 manu
1248 2456 1352 2517 est
1389 2454 1687 2516 Nubium
1718 2448 2057 2517 comoedia
2089 2456 2245 2539 post
2270 2470 2453 2518 mor-

428 2571 570 2632 tem
599 2561 898 2630 auctoris
953 2579 992 2626 a
1050 2558 1211 2626 filiis
1237 2558 1386 2647 ejus
1417 2555 1623 2636 edita,
1682 2556 2165 2637 contaminata,
2203 2564 2279 2625 ut
2328 2558 2454 2626 Te-

425 2671 628 2741 rentii
659 2671 731 2736 in
762 2689 966 2737 causa
1024 2667 1231 2736 simili
1263 2666 1474 2734 verbo
1505 2671 1659 2732 utar
1692 2669 1744 2745 2,
1773 2667 1929 2754 J'ure
1961 2673 2264 2755 apparet,
2302 2687 2457 2755 quae

425 2777 766 2847 nonnulla
795 2797 879 2845 ex
919 2776 1143 2865 priore
1179 2779 1588 2864 argumento
1618 2773 1939 2854 servavit,
1962 2775 2257 2843 correxit
2274 2796 2455 2862 quae-

425 2886 613 2966 dam,
657 2890 862 2972 atque
892 2883 1024 2950 alia
1061 2881 1146 2950 de
1176 2882 1444 2969 integro
1493 2881 1929 2969 excogitavit.
1973 2882 2336 2950 Parabasin
2356 2891 2455 2950 to·

425 2999 592 3070 tam,
630 2991 763 3059 nisi
804 2991 1050 3078 lyricas
1098 2997 1345 3078 parteS,
1400 2989 1657 3054 scimus
1715 2987 1928 3055 fuisse
1982 2989 2329 3068 refectam,
2382 2990 2453 3056 in

424 3098 670 3188 quade
698 3105 944 3187 negata
998 3096 1222 3185 palma
1279 3093 1717 3162 acerbissime
1756 3092 2102 3184 queritur;
2143 3093 2455 3162 additum

426 3208 788 3294 utriusque
837 3204 1164 3273 orationis
1192 3209 1564 3282 certamen,
1614 3220 1885 3270 necnon
1940 3201 2453 3271 conclusionem

425 3315 614 3380 illam
653 3312 796 3381 fere
817 3313 1140 3401 tragicam
1170 3330 1305 3398 qua
1324 3308 1749 3397 Strepsiades
1774 3307 2183 3398 resipiscens
2204 3315 2271 3378 et
2294 3329 2450 3378 con-

425 3421 644 3489 versis
683 3419 955 3498 studiiS,
1030 3419 1372 3486 Socratem
1426 3416 1727 3505 corrupti
1764 3415 1887 3482 filii
1945 3421 2293 3484 auctorem
2338 3417 2448 3486 in-

421 3547 629 3597 censa
667 3526 875 3595 domo
896 3527 1099 3616 ejicit.
1135 3527 1486 3594 Summam
1510 3529 1743 3592 tamen
1756 3508 2332 3613 spectantineque
2352 3544 2451 3591 ar·

423 3641 758 3724 gumento
790 3653 1016 3722 neque
1043 3631 1354 3722 personis
1377 3650 1594 3698 novas
1627 3634 1898 3698 Nubesa
1954 3630 2293 3719 prioribus
2326 3630 2453 3698 dif-

419 3742 600 3811 ferre
629 3747 816 3810 certo
847 3740 1003 3809 licet
1031 3739 1400 3819 affirmare;
1425 3737 1548 3807 sed
1568 3738 1861 3806 Socratis
1888 3757 2267 3820 censuram,
2302 3758 2451 3829 per·

485 3953 504 3988 ¹
543 3959 610 4004 De
642 3955 820 4004 Nubib.
853 3956 1124 4006 retractatis
1161 3955 1265 4002 vid.
1297 3956 1384 4002 Tu.
1424 3955 1581 4009 Κοοκ,
1624 3953 1823 4000 Introd.
1857 3953 1927 4000 ad
1969 3953 2145 4012 Nuba,
2178 3954 2236 4002 24
2265 3957 2314 4002 et
2348 3967 2453 4016 seq.

418 4039 674 4092 Tzurrm„
698 4035 952 4095 Aristoph.
988 4035 1138 4093 Nub„
1174 4036 1386 4095 praefat„
1413 4035 1448 4080 Ι.
1481 4035 1779 4090 Fnrrzscmz,
1814 4036 1986 4092 Quoeot.
2019 4033 2360 4095 Aristopkan„
2398 4048 2447 4096 p.

427 4122 510 4168 ιιι
539 4123 588 4167 et
609 4131 714 4178 seq,

483 4196 510 4232 ²
536 4198 756 4259 Andria,
785 4199 978 4260 Prolog.
