<?xml version="1.0" encoding="UTF-8"?>
<!DOCTYPE html PUBLIC "-//W3C//DTD XHTML 1.0 Transitional//EN"
    "http://www.w3.org/TR/xhtml1/DTD/xhtml1-transitional.dtd">
<html xmlns="http://www.w3.org/1999/xhtml" xml:lang="en" lang="en">
 <head>
  <title>
</title>
<meta http-equiv="Content-Type" content="text/html;charset=utf-8" />
  <meta name='ocr-system' content='tesseract 3.04.00' />
  <meta name='ocr-capabilities' content='ocr_page ocr_carea ocr_par ocr_line ocrx_word'/>
</head>
<body>
  <div class='ocr_page' id='page_1' title='image "./aristophanesimp01hildgoog_0062.png"; bbox 0 0 3167 5125; ppageno 0'>
   <div class='ocr_carea' id='block_1_1' title="bbox 1662 532 1953 587">
    <p class='ocr_par' dir='ltr' id='par_1_1' title="bbox 1662 532 1953 587">
     <span class='ocr_line' id='line_1_1' title="bbox 1662 532 1953 587; baseline 0.003 -16"><span class='ocrx_word' id='word_1_1' title='bbox 1662 532 1953 587; x_wconf 73' lang='lat'>..46-</span> 
     </span>
    </p>
   </div>
   <div class='ocr_carea' id='block_1_2' title="bbox 779 657 2819 2253">
    <p class='ocr_par' dir='ltr' id='par_1_2' title="bbox 784 657 2819 1604">
     <span class='ocr_line' id='line_1_2' title="bbox 785 657 2819 747; baseline -0 -21"><span class='ocrx_word' id='word_1_2' title='bbox 785 677 940 747; x_wconf 87' lang='lat' dir='ltr'>quae</span> <span class='ocrx_word' id='word_1_3' title='bbox 999 657 1337 726; x_wconf 83' lang='lat' dir='ltr'>comoedia</span> <span class='ocrx_word' id='word_1_4' title='bbox 1395 676 1552 724; x_wconf 89' lang='lat' dir='ltr'>cum</span> <span class='ocrx_word' id='word_1_5' title='bbox 1613 659 1907 723; x_wconf 77' lang='lat' dir='ltr'><strong><em>Nubibus</em></strong></span> <span class='ocrx_word' id='word_1_6' title='bbox 1960 659 2165 743; x_wconf 87' lang='lat' dir='ltr'>atque</span> <span class='ocrx_word' id='word_1_7' title='bbox 2218 659 2575 740; x_wconf 72' lang='lat' dir='ltr'>Equitibws</span> <span class='ocrx_word' id='word_1_8' title='bbox 2635 663 2819 725; x_wconf 85' lang='lat' dir='ltr'>arcte</span> 
     </span>
     <span class='ocr_line' id='line_1_3' title="bbox 786 762 2813 852; baseline -0 -19"><span class='ocrx_word' id='word_1_9' title='bbox 786 765 1132 833; x_wconf 85' lang='lat' dir='ltr'>cohaerere</span> <span class='ocrx_word' id='word_1_10' title='bbox 1181 763 1474 842; x_wconf 89' lang='lat' dir='ltr'>videtur,</span> <span class='ocrx_word' id='word_1_11' title='bbox 1513 763 1893 852; x_wconf 78' lang='lat' dir='ltr'>procaciam</span> <span class='ocrx_word' id='word_1_12' title='bbox 1932 762 2303 850; x_wconf 88' lang='lat' dir='ltr'>quamdam</span> <span class='ocrx_word' id='word_1_13' title='bbox 2334 762 2727 832; x_wconf 81' lang='lat' dir='ltr'>liberiorem</span> <span class='ocrx_word' id='word_1_14' title='bbox 2770 774 2813 845; x_wconf 87' lang='lat'>¹,</span> 
     </span>
     <span class='ocr_line' id='line_1_4' title="bbox 789 868 2819 961; baseline 0.001 -22"><span class='ocrx_word' id='word_1_15' title='bbox 789 872 1059 961; x_wconf 83' lang='lat' dir='ltr'>pietatis</span> <span class='ocrx_word' id='word_1_16' title='bbox 1091 877 1321 939; x_wconf 89' lang='lat' dir='ltr'>tamen</span> <span class='ocrx_word' id='word_1_17' title='bbox 1352 870 1765 959; x_wconf 87' lang='lat' dir='ltr'>quibusdam</span> <span class='ocrx_word' id='word_1_18' title='bbox 1798 868 2065 937; x_wconf 89' lang='lat' dir='ltr'>indiciis</span> <span class='ocrx_word' id='word_1_19' title='bbox 2097 874 2541 959; x_wconf 77' lang='lat' dir='ltr'>temperatam</span> <span class='ocrx_word' id='word_1_20' title='bbox 2576 893 2715 960; x_wconf 83' lang='lat' dir='ltr'>prae</span> <span class='ocrx_word' id='word_1_21' title='bbox 2745 894 2819 943; x_wconf 89' lang='lat' dir='ltr'>se</span> 
     </span>
     <span class='ocr_line' id='line_1_5' title="bbox 789 977 2817 1066; baseline -0 -20"><span class='ocrx_word' id='word_1_22' title='bbox 789 980 922 1048; x_wconf 86' lang='lat' dir='ltr'>fert</span> <span class='ocrx_word' id='word_1_23' title='bbox 972 978 1413 1046; x_wconf 88' lang='lat' dir='ltr'>manifestum</span> <span class='ocrx_word' id='word_1_24' title='bbox 1459 978 1602 1056; x_wconf 88' lang='lat' dir='ltr'>fiet,</span> <span class='ocrx_word' id='word_1_25' title='bbox 1659 978 1803 1065; x_wconf 81' lang='lat' dir='ltr'>jam</span> <span class='ocrx_word' id='word_1_26' title='bbox 1857 983 2005 1043; x_wconf 90' lang='lat' dir='ltr'>tum</span> <span class='ocrx_word' id='word_1_27' title='bbox 2061 977 2587 1066; x_wconf 81' lang='lat' dir='ltr'>Aristophanem</span> <span class='ocrx_word' id='word_1_28' title='bbox 2628 1000 2817 1047; x_wconf 89' lang='lat' dir='ltr'>com-</span> 
     </span>
     <span class='ocr_line' id='line_1_6' title="bbox 791 1083 2815 1175; baseline 0 -22"><span class='ocrx_word' id='word_1_29' title='bbox 791 1087 985 1154; x_wconf 90' lang='lat' dir='ltr'>muni</span> <span class='ocrx_word' id='word_1_30' title='bbox 1041 1086 1256 1175; x_wconf 86' lang='lat' dir='ltr'>ipsius</span> <span class='ocrx_word' id='word_1_31' title='bbox 1314 1084 1645 1173; x_wconf 86' lang='lat' dir='ltr'>temporis</span> <span class='ocrx_word' id='word_1_32' title='bbox 1697 1084 2156 1151; x_wconf 68' lang='lat' dir='ltr'>irreverentiae</span> <span class='ocrx_word' id='word_1_33' title='bbox 2216 1083 2615 1165; x_wconf 81' lang='lat' dir='ltr'>concedere,</span> <span class='ocrx_word' id='word_1_34' title='bbox 2676 1106 2815 1154; x_wconf 90' lang='lat' dir='ltr'>non</span> 
     </span>
     <span class='ocr_line' id='line_1_7' title="bbox 787 1184 2814 1281; baseline 0.001 -22"><span class='ocrx_word' id='word_1_35' title='bbox 787 1192 956 1261; x_wconf 89' lang='lat' dir='ltr'>deos</span> <span class='ocrx_word' id='word_1_36' title='bbox 984 1184 1266 1281; x_wconf 81' lang='lat' dir='ltr'>quidem</span> <span class='ocrx_word' id='word_1_37' title='bbox 1295 1197 1528 1281; x_wconf 84' lang='lat' dir='ltr'>aperte</span> <span class='ocrx_word' id='word_1_38' title='bbox 1557 1210 1811 1279; x_wconf 84' lang='lat' dir='ltr'>negare</span> <span class='ocrx_word' id='word_1_39' title='bbox 1834 1211 2126 1279; x_wconf 86' lang='lat' dir='ltr'>quorum</span> <span class='ocrx_word' id='word_1_40' title='bbox 2163 1196 2365 1260; x_wconf 83' lang='lat' dir='ltr'>antea</span> <span class='ocrx_word' id='word_1_41' title='bbox 2388 1192 2458 1259; x_wconf 94' lang='lat' dir='ltr'>in</span> <span class='ocrx_word' id='word_1_42' title='bbox 2490 1197 2814 1261; x_wconf 77' lang='lat' dir='ltr'>Daecacen-</span> 
     </span>
     <span class='ocr_line' id='line_1_8' title="bbox 785 1299 2819 1387; baseline 0 -20"><span class='ocrx_word' id='word_1_43' title='bbox 785 1306 958 1367; x_wconf 77' lang='lat' dir='ltr'>tibus</span> <span class='ocrx_word' id='word_1_44' title='bbox 990 1304 1043 1380; x_wconf 71' lang='lat'>²,</span> <span class='ocrx_word' id='word_1_45' title='bbox 1103 1302 1528 1383; x_wconf 74' lang='lat' dir='ltr'>Nubibusque</span> <span class='ocrx_word' id='word_1_46' title='bbox 1587 1307 1983 1387; x_wconf 88' lang='lat' dir='ltr'>susceperat</span> <span class='ocrx_word' id='word_1_47' title='bbox 2048 1299 2532 1387; x_wconf 80' lang='lat' dir='ltr'>patrocinium,</span> <span class='ocrx_word' id='word_1_48' title='bbox 2598 1299 2723 1368; x_wconf 91' lang='lat' dir='ltr'>sed</span> <span class='ocrx_word' id='word_1_49' title='bbox 2776 1320 2819 1367; x_wconf 87' lang='lat' dir='ltr'>a</span> 
     </span>
     <span class='ocr_line' id='line_1_9' title="bbox 784 1404 2813 1497; baseline 0.001 -24"><span class='ocrx_word' id='word_1_50' title='bbox 784 1407 1006 1497; x_wconf 85' lang='lat' dir='ltr'>prisca</span> <span class='ocrx_word' id='word_1_51' title='bbox 1055 1404 1438 1473; x_wconf 79' lang='lat' dir='ltr'>desciscere</span> <span class='ocrx_word' id='word_1_52' title='bbox 1482 1404 1622 1472; x_wconf 90' lang='lat' dir='ltr'>fide</span> <span class='ocrx_word' id='word_1_53' title='bbox 1670 1411 1739 1473; x_wconf 91' lang='lat' dir='ltr'>et</span> <span class='ocrx_word' id='word_1_54' title='bbox 1784 1407 2099 1494; x_wconf 87' lang='lat' dir='ltr'>gnaviter</span> <span class='ocrx_word' id='word_1_55' title='bbox 2152 1406 2481 1474; x_wconf 89' lang='lat' dir='ltr'>comicam</span> <span class='ocrx_word' id='word_1_56' title='bbox 2539 1408 2813 1475; x_wconf 87' lang='lat' dir='ltr'>haurire</span> 
     </span>
     <span class='ocr_line' id='line_1_10' title="bbox 785 1511 2742 1604; baseline 0.002 -24"><span class='ocrx_word' id='word_1_57' title='bbox 785 1514 1144 1581; x_wconf 81' lang='lat' dir='ltr'>materiam</span> <span class='ocrx_word' id='word_1_58' title='bbox 1171 1512 1358 1581; x_wconf 89' lang='lat' dir='ltr'>unde</span> <span class='ocrx_word' id='word_1_59' title='bbox 1387 1512 1576 1600; x_wconf 87' lang='lat' dir='ltr'>prius</span> <span class='ocrx_word' id='word_1_60' title='bbox 1612 1511 1993 1601; x_wconf 89' lang='lat' dir='ltr'>simplicem</span> <span class='ocrx_word' id='word_1_61' title='bbox 2023 1512 2429 1604; x_wconf 84' lang='lat' dir='ltr'>religionem</span> <span class='ocrx_word' id='word_1_62' title='bbox 2457 1514 2742 1583; x_wconf 86' lang='lat' dir='ltr'>aluerat.</span> 
     </span>
    </p>

    <p class='ocr_par' dir='ltr' id='par_1_3' title="bbox 779 1620 2811 2253">
     <span class='ocr_line' id='line_1_11' title="bbox 869 1620 2811 1710; baseline 0.002 -23"><span class='ocrx_word' id='word_1_63' title='bbox 869 1622 1104 1710; x_wconf 89' lang='lat' dir='ltr'>Ipsum</span> <span class='ocrx_word' id='word_1_64' title='bbox 1156 1625 1345 1687; x_wconf 70' lang='lat' dir='ltr'>Pacis</span> <span class='ocrx_word' id='word_1_65' title='bbox 1391 1620 1825 1708; x_wconf 85' lang='lat' dir='ltr'>propositum</span> <span class='ocrx_word' id='word_1_66' title='bbox 1860 1620 2011 1687; x_wconf 88' lang='lat' dir='ltr'>sine</span> <span class='ocrx_word' id='word_1_67' title='bbox 2042 1620 2271 1709; x_wconf 86' lang='lat' dir='ltr'>aliquo</span> <span class='ocrx_word' id='word_1_68' title='bbox 2320 1620 2611 1689; x_wconf 89' lang='lat' dir='ltr'>deorum</span> <span class='ocrx_word' id='word_1_69' title='bbox 2656 1644 2811 1691; x_wconf 89' lang='lat' dir='ltr'>con-</span> 
     </span>
     <span class='ocr_line' id='line_1_12' title="bbox 781 1726 2811 1817; baseline -0 -21"><span class='ocrx_word' id='word_1_70' title='bbox 781 1734 1056 1817; x_wconf 78' lang='lat' dir='ltr'>temptu</span> <span class='ocrx_word' id='word_1_71' title='bbox 1084 1748 1222 1795; x_wconf 82' lang='lat' dir='ltr'>non</span> <span class='ocrx_word' id='word_1_72' title='bbox 1241 1726 1562 1816; x_wconf 86' lang='lat' dir='ltr'>explicari</span> <span class='ocrx_word' id='word_1_73' title='bbox 1592 1731 1819 1814; x_wconf 86' lang='lat' dir='ltr'>potest</span> <span class='ocrx_word' id='word_1_74' title='bbox 1852 1730 1911 1806; x_wconf 78' lang='lat'>³3</span> <span class='ocrx_word' id='word_1_75' title='bbox 1948 1726 2275 1816; x_wconf 80' lang='lat' dir='ltr'>Trygaeus</span> <span class='ocrx_word' id='word_1_76' title='bbox 2316 1729 2526 1809; x_wconf 88' lang='lat' dir='ltr'>enim,</span> <span class='ocrx_word' id='word_1_77' title='bbox 2559 1728 2811 1797; x_wconf 83' lang='lat' dir='ltr'>vinitor</span> 
     </span>
     <span class='ocr_line' id='line_1_13' title="bbox 779 1832 2811 1925; baseline 0 -23"><span class='ocrx_word' id='word_1_78' title='bbox 779 1835 1064 1919; x_wconf 81' lang='lat' dir='ltr'>AtticuS,</span> <span class='ocrx_word' id='word_1_79' title='bbox 1105 1835 1210 1902; x_wconf 88' lang='lat' dir='ltr'>cui</span> <span class='ocrx_word' id='word_1_80' title='bbox 1262 1834 1619 1924; x_wconf 85' lang='lat' dir='ltr'>praecipuae</span> <span class='ocrx_word' id='word_1_81' title='bbox 1656 1833 1727 1899; x_wconf 88' lang='lat' dir='ltr'>in</span> <span class='ocrx_word' id='word_1_82' title='bbox 1766 1832 1893 1900; x_wconf 88' lang='lat' dir='ltr'>hac</span> <span class='ocrx_word' id='word_1_83' title='bbox 1932 1832 2161 1901; x_wconf 82' lang='lat' dir='ltr'>fabula</span> <span class='ocrx_word' id='word_1_84' title='bbox 2191 1842 2416 1925; x_wconf 88' lang='lat' dir='ltr'>partes</span> <span class='ocrx_word' id='word_1_85' title='bbox 2446 1835 2811 1924; x_wconf 84' lang='lat' dir='ltr'>assignan-</span> 
     </span>
     <span class='ocr_line' id='line_1_14' title="bbox 785 1930 2810 2021; baseline 0.001 -12"><span class='ocrx_word' id='word_1_86' title='bbox 785 1947 914 2021; x_wconf 88' lang='lat' dir='ltr'>tur,</span> <span class='ocrx_word' id='word_1_87' title='bbox 957 1941 1126 2009; x_wconf 87' lang='lat' dir='ltr'>deos</span> <span class='ocrx_word' id='word_1_88' title='bbox 1163 1962 1306 2009; x_wconf 89' lang='lat' dir='ltr'>non</span> <span class='ocrx_word' id='word_1_89' title='bbox 1331 1930 1487 2008; x_wconf 61' lang='lat' dir='ltr'>&#39;sine</span> <span class='ocrx_word' id='word_1_90' title='bbox 1517 1941 1949 2007; x_wconf 88' lang='lat' dir='ltr'>contumacia</span> <span class='ocrx_word' id='word_1_91' title='bbox 1998 1940 2336 2009; x_wconf 88' lang='lat' dir='ltr'>bellorum</span> <span class='ocrx_word' id='word_1_92' title='bbox 2375 1944 2810 2011; x_wconf 54' lang='lat' dir='ltr'>et‘tumultus</span> 
     </span>
     <span class='ocr_line' id='line_1_15' title="bbox 779 2046 2808 2138; baseline 0.001 -25"><span class='ocrx_word' id='word_1_93' title='bbox 779 2068 918 2135; x_wconf 83' lang='lat' dir='ltr'>quo</span> <span class='ocrx_word' id='word_1_94' title='bbox 959 2048 1212 2115; x_wconf 83' lang='lat' dir='ltr'>Graecia</span> <span class='ocrx_word' id='word_1_95' title='bbox 1227 2046 1492 2136; x_wconf 88' lang='lat' dir='ltr'>jamdiu</span> <span class='ocrx_word' id='word_1_96' title='bbox 1522 2047 1855 2127; x_wconf 84' lang='lat' dir='ltr'>turbatur,</span> <span class='ocrx_word' id='word_1_97' title='bbox 1893 2066 2048 2115; x_wconf 88' lang='lat' dir='ltr'>reos</span> <span class='ocrx_word' id='word_1_98' title='bbox 2069 2046 2229 2115; x_wconf 84' lang='lat' dir='ltr'>facit</span> <span class='ocrx_word' id='word_1_99' title='bbox 2258 2055 2327 2115; x_wconf 89' lang='lat' dir='ltr'>et</span> <span class='ocrx_word' id='word_1_100' title='bbox 2351 2046 2808 2138; x_wconf 84' lang='lat' dir='ltr'>indignabun-</span> 
     </span>
     <span class='ocr_line' id='line_1_16' title="bbox 783 2152 1604 2253; baseline 0.001 -34"><span class='ocrx_word' id='word_1_101' title='bbox 783 2152 914 2222; x_wconf 89' lang='lat' dir='ltr'>dus</span> <span class='ocrx_word' id='word_1_102' title='bbox 944 2155 1015 2222; x_wconf 92' lang='lat' dir='ltr'>in</span> <span class='ocrx_word' id='word_1_103' title='bbox 1055 2174 1173 2223; x_wconf 87' lang='lat' dir='ltr'>eos</span> <span class='ocrx_word' id='word_1_104' title='bbox 1204 2154 1554 2253; x_wconf 82' lang='lat' dir='ltr'>invehitur</span> <span class='ocrx_word' id='word_1_105' title='bbox 1590 2179 1604 2221; x_wconf 91' lang='lat'>:</span> 
     </span>
    </p>
   </div>
   <div class='ocr_carea' id='block_1_3' title="bbox 1215 2335 2344 2516">
    <p class='ocr_par' dir='ltr' id='par_1_4' title="bbox 1215 2335 2344 2516">
     <span class='ocr_line' id='line_1_17' title="bbox 1220 2335 2344 2417; baseline 0.002 -22"><span class='ocrx_word' id='word_1_106' title='bbox 1220 2335 1300 2395; x_wconf 85' lang='grc' dir='ltr'>Δι’</span> <span class='ocrx_word' id='word_1_107' title='bbox 1330 2340 1530 2417; x_wconf 70' lang='grc' dir='ltr'><strong><em>ἡμέρας</em></strong></span> <span class='ocrx_word' id='word_1_108' title='bbox 1553 2340 1658 2417; x_wconf 70' lang='grc' dir='ltr'>γὰρ</span> <span class='ocrx_word' id='word_1_109' title='bbox 1686 2342 1737 2403; x_wconf 73' lang='grc' dir='ltr'>ἐς</span> <span class='ocrx_word' id='word_1_110' title='bbox 1760 2340 1852 2396; x_wconf 80' lang='grc' dir='ltr'>τὸν</span> <span class='ocrx_word' id='word_1_111' title='bbox 1888 2340 2114 2417; x_wconf 78' lang='grc' dir='ltr'>οὐρανὸν</span> <span class='ocrx_word' id='word_1_112' title='bbox 2144 2340 2344 2416; x_wconf 78' lang='grc' dir='ltr'><strong>βλέπων</strong></span> 
     </span>
     <span class='ocr_line' id='line_1_18' title="bbox 1215 2429 2141 2516; baseline -0.001 -21"><span class='ocrx_word' id='word_1_113' title='bbox 1215 2429 1310 2495; x_wconf 69' lang='grc' dir='ltr'>Ωδὶ</span> <span class='ocrx_word' id='word_1_114' title='bbox 1337 2442 1570 2513; x_wconf 76' lang='grc' dir='ltr'><strong><em>κεχηνὼς</em></strong></span> <span class='ocrx_word' id='word_1_115' title='bbox 1598 2434 1913 2516; x_wconf 74' lang='grc' dir='ltr'>λοιδορεῖται</span> <span class='ocrx_word' id='word_1_116' title='bbox 1943 2446 2013 2513; x_wconf 81' lang='grc' dir='ltr'>τῷ</span> <span class='ocrx_word' id='word_1_117' title='bbox 2036 2441 2121 2494; x_wconf 80' lang='grc' dir='ltr'>Διί</span> <span class='ocrx_word' id='word_1_118' title='bbox 2130 2482 2141 2494; x_wconf 96' lang='grc'><strong>.</strong></span> 
     </span>
    </p>
   </div>
   <div class='ocr_carea' id='block_1_4' title="bbox 765 2656 2865 3603">
    <p class='ocr_par' dir='ltr' id='par_1_5' title="bbox 765 2656 2865 3603">
     <span class='ocr_line' id='line_1_19' title="bbox 862 2656 2802 2746; baseline 0.002 -21"><span class='ocrx_word' id='word_1_119' title='bbox 862 2657 1016 2739; x_wconf 86' lang='lat' dir='ltr'>Qui,</span> <span class='ocrx_word' id='word_1_120' title='bbox 1074 2663 1436 2746; x_wconf 86' lang='lat' dir='ltr'>postquam</span> <span class='ocrx_word' id='word_1_121' title='bbox 1488 2656 1849 2724; x_wconf 88' lang='lat' dir='ltr'>immundo</span> <span class='ocrx_word' id='word_1_122' title='bbox 1898 2657 2239 2725; x_wconf 83' lang='lat' dir='ltr'>scarabaeo</span> <span class='ocrx_word' id='word_1_123' title='bbox 2292 2659 2630 2741; x_wconf 79' lang='lat' dir='ltr'>invectus,</span> <span class='ocrx_word' id='word_1_124' title='bbox 2678 2673 2802 2737; x_wconf 76' lang='grc' dir='ltr'>Διὸς</span> 
     </span>
     <span class='ocr_line' id='line_1_20' title="bbox 770 2763 2796 2856; baseline 0 -22"><span class='ocrx_word' id='word_1_125' title='bbox 770 2778 1098 2834; x_wconf 59' lang='lat' dir='ltr'>neamenim</span> <span class='ocrx_word' id='word_1_126' title='bbox 1154 2769 1470 2853; x_wconf 88' lang='lat' dir='ltr'>portento</span> <span class='ocrx_word' id='word_1_127' title='bbox 1508 2764 1558 2842; x_wconf 85' lang='lat'>4,</span> <span class='ocrx_word' id='word_1_128' title='bbox 1604 2763 1689 2830; x_wconf 86' lang='lat' dir='ltr'>ad</span> <span class='ocrx_word' id='word_1_129' title='bbox 1736 2763 1919 2832; x_wconf 90' lang='lat' dir='ltr'>fores</span> <span class='ocrx_word' id='word_1_130' title='bbox 1964 2765 2235 2856; x_wconf 84' lang='lat' dir='ltr'>Olympi</span> <span class='ocrx_word' id='word_1_131' title='bbox 2282 2767 2616 2856; x_wconf 87' lang='lat' dir='ltr'>pervenit,</span> <span class='ocrx_word' id='word_1_132' title='bbox 2660 2788 2796 2836; x_wconf 91' lang='lat' dir='ltr'>non</span> 
     </span>
     <span class='ocr_line' id='line_1_21' title="bbox 775 2871 2795 2962; baseline 0.001 -23"><span class='ocrx_word' id='word_1_133' title='bbox 775 2880 917 2939; x_wconf 90' lang='lat' dir='ltr'>tam</span> <span class='ocrx_word' id='word_1_134' title='bbox 971 2872 1157 2939; x_wconf 81' lang='lat' dir='ltr'>Pacis</span> <span class='ocrx_word' id='word_1_135' title='bbox 1217 2871 1517 2960; x_wconf 90' lang='lat' dir='ltr'>primum</span> <span class='ocrx_word' id='word_1_136' title='bbox 1584 2871 2028 2940; x_wconf 75' lang='lat' dir='ltr'>restituendae</span> <span class='ocrx_word' id='word_1_137' title='bbox 2082 2893 2253 2962; x_wconf 91' lang='lat' dir='ltr'>opus</span> <span class='ocrx_word' id='word_1_138' title='bbox 2311 2873 2540 2941; x_wconf 89' lang='lat' dir='ltr'>subire</span> <span class='ocrx_word' id='word_1_139' title='bbox 2594 2894 2795 2962; x_wconf 87' lang='lat' dir='ltr'>quam</span> 
     </span>
     <span class='ocr_line' id='line_1_22' title="bbox 771 2977 2865 3068; baseline 0 -22"><span class='ocrx_word' id='word_1_140' title='bbox 771 2977 1166 3048; x_wconf 86' lang='lat' dir='ltr'>deridendae</span> <span class='ocrx_word' id='word_1_141' title='bbox 1196 2977 1483 3046; x_wconf 89' lang='lat' dir='ltr'>deorum</span> <span class='ocrx_word' id='word_1_142' title='bbox 1513 2979 1944 3047; x_wconf 89' lang='lat' dir='ltr'>occasionem</span> <span class='ocrx_word' id='word_1_143' title='bbox 1972 2979 2244 3048; x_wconf 82' lang='lat' dir='ltr'>videtur</span> <span class='ocrx_word' id='word_1_144' title='bbox 2274 2999 2601 3068; x_wconf 82' lang='lat' dir='ltr'>quaerere.</span> <span class='ocrx_word' id='word_1_145' title='bbox 2648 2982 2798 3048; x_wconf 88' lang='lat' dir='ltr'>Por·</span> <span class='ocrx_word' id='word_1_146' title='bbox 2858 3022 2865 3024; x_wconf 95' lang='lat'><em>-</em></span> 
     </span>
     <span class='ocr_line' id='line_1_23' title="bbox 773 3087 2796 3175; baseline 0 -21"><span class='ocrx_word' id='word_1_147' title='bbox 773 3087 932 3155; x_wconf 88' lang='lat' dir='ltr'>titor</span> <span class='ocrx_word' id='word_1_148' title='bbox 969 3092 1074 3155; x_wconf 88' lang='lat' dir='ltr'>est</span> <span class='ocrx_word' id='word_1_149' title='bbox 1113 3087 1483 3154; x_wconf 88' lang='lat' dir='ltr'>Mercurius</span> <span class='ocrx_word' id='word_1_150' title='bbox 1537 3107 1744 3173; x_wconf 87' lang='lat' dir='ltr'>quem</span> <span class='ocrx_word' id='word_1_151' title='bbox 1806 3087 2083 3154; x_wconf 82' lang='lat' dir='ltr'>urbium</span> <span class='ocrx_word' id='word_1_152' title='bbox 2123 3092 2420 3154; x_wconf 86' lang='lat' dir='ltr'>tutorem</span> <span class='ocrx_word' id='word_1_153' title='bbox 2465 3099 2796 3175; x_wconf 78' lang='grc' dir='ltr'>προπυλαίου</span> 
     </span>
     <span class='ocr_line' id='line_1_24' title="bbox 769 3192 2795 3282; baseline -0.001 -22"><span class='ocrx_word' id='word_1_154' title='bbox 769 3195 1050 3262; x_wconf 90' lang='lat' dir='ltr'>nomine</span> <span class='ocrx_word' id='word_1_155' title='bbox 1070 3194 1386 3262; x_wconf 89' lang='lat' dir='ltr'>invocare</span> <span class='ocrx_word' id='word_1_156' title='bbox 1405 3199 1814 3261; x_wconf 86' lang='lat' dir='ltr'>consuetum</span> <span class='ocrx_word' id='word_1_157' title='bbox 1837 3199 1980 3262; x_wconf 86' lang='lat' dir='ltr'>erat</span> <span class='ocrx_word' id='word_1_158' title='bbox 2015 3199 2065 3261; x_wconf 81' lang='lat'>⁵.</span> <span class='ocrx_word' id='word_1_159' title='bbox 2088 3194 2519 3282; x_wconf 83' lang='lat' dir='ltr'>Emigrarunt</span> <span class='ocrx_word' id='word_1_160' title='bbox 2534 3192 2795 3260; x_wconf 84' lang='lat' dir='ltr'>aedibus</span> 
     </span>
     <span class='ocr_line' id='line_1_25' title="bbox 765 3297 2793 3388; baseline 0 -22"><span class='ocrx_word' id='word_1_161' title='bbox 765 3301 881 3380; x_wconf 86' lang='lat' dir='ltr'>dii,</span> <span class='ocrx_word' id='word_1_162' title='bbox 910 3302 1080 3382; x_wconf 49' lang='lat' dir='ltr'>‚Jove</span> <span class='ocrx_word' id='word_1_163' title='bbox 1113 3306 1413 3378; x_wconf 87' lang='lat' dir='ltr'>auctore,</span> <span class='ocrx_word' id='word_1_164' title='bbox 1448 3299 1520 3366; x_wconf 91' lang='lat' dir='ltr'>in</span> <span class='ocrx_word' id='word_1_165' title='bbox 1552 3301 2088 3368; x_wconf 86' lang='lat' dir='ltr'>remotissimam</span> <span class='ocrx_word' id='word_1_166' title='bbox 2108 3299 2263 3368; x_wconf 87' lang='lat' dir='ltr'>coeli</span> <span class='ocrx_word' id='word_1_167' title='bbox 2286 3305 2576 3388; x_wconf 86' lang='lat' dir='ltr'>partem,</span> <span class='ocrx_word' id='word_1_168' title='bbox 2610 3297 2793 3366; x_wconf 89' lang='lat' dir='ltr'>unde</span> 
     </span>
     <span class='ocr_line' id='line_1_26' title="bbox 765 3406 2791 3496; baseline -0.001 -22"><span class='ocrx_word' id='word_1_169' title='bbox 765 3428 990 3496; x_wconf 88' lang='lat' dir='ltr'>neque</span> <span class='ocrx_word' id='word_1_170' title='bbox 1044 3408 1275 3496; x_wconf 85' lang='lat' dir='ltr'>praelia</span> <span class='ocrx_word' id='word_1_171' title='bbox 1336 3407 1725 3474; x_wconf 87' lang='lat' dir='ltr'>Graecorum</span> <span class='ocrx_word' id='word_1_172' title='bbox 1780 3406 2133 3495; x_wconf 87' lang='lat' dir='ltr'>adspicere</span> <span class='ocrx_word' id='word_1_173' title='bbox 2192 3426 2416 3495; x_wconf 86' lang='lat' dir='ltr'>neque</span> <span class='ocrx_word' id='word_1_174' title='bbox 2484 3406 2791 3496; x_wconf 89' lang='lat' dir='ltr'>perpetui</span> 
     </span>
     <span class='ocr_line' id='line_1_27' title="bbox 767 3512 2792 3603; baseline -0.001 -23"><span class='ocrx_word' id='word_1_175' title='bbox 767 3514 928 3582; x_wconf 85' lang='lat' dir='ltr'>belli</span> <span class='ocrx_word' id='word_1_176' title='bbox 980 3512 1320 3602; x_wconf 84' lang='lat' dir='ltr'>fragorem</span> <span class='ocrx_word' id='word_1_177' title='bbox 1377 3512 1615 3582; x_wconf 88' lang='lat' dir='ltr'>audire</span> <span class='ocrx_word' id='word_1_178' title='bbox 1673 3520 1967 3603; x_wconf 88' lang='lat' dir='ltr'>possunt</span> <span class='ocrx_word' id='word_1_179' title='bbox 2002 3515 2052 3579; x_wconf 80' lang='grc'>6.</span> <span class='ocrx_word' id='word_1_180' title='bbox 2111 3514 2310 3582; x_wconf 89' lang='lat' dir='ltr'>Solus</span> <span class='ocrx_word' id='word_1_181' title='bbox 2362 3513 2792 3581; x_wconf 87' lang='lat' dir='ltr'>relictus.est</span> 
     </span>
    </p>
   </div>
   <div class='ocr_carea' id='block_1_5' title="bbox 763 3721 2786 4264">
    <p class='ocr_par' dir='ltr' id='par_1_6' title="bbox 763 3721 2786 3860">
     <span class='ocr_line' id='line_1_28' title="bbox 833 3721 2786 3784; baseline 0 -16"><span class='ocrx_word' id='word_1_182' title='bbox 833 3728 852 3762; x_wconf 79' lang='lat'><strong>1</strong></span> <span class='ocrx_word' id='word_1_183' title='bbox 891 3722 1041 3780; x_wconf 67' lang='lat' dir='ltr'>vesp„</span> <span class='ocrx_word' id='word_1_184' title='bbox 1071 3723 1178 3777; x_wconf 82' lang='lat'>158,</span> <span class='ocrx_word' id='word_1_185' title='bbox 1211 3723 1316 3782; x_wconf 83' lang='lat'>323,</span> <span class='ocrx_word' id='word_1_186' title='bbox 1349 3725 1458 3783; x_wconf 78' lang='lat' dir='ltr'>ssa,</span> <span class='ocrx_word' id='word_1_187' title='bbox 1493 3722 1601 3784; x_wconf 81' lang='lat'>435,</span> <span class='ocrx_word' id='word_1_188' title='bbox 1632 3726 1741 3780; x_wconf 76' lang='lat'>620,</span> <span class='ocrx_word' id='word_1_189' title='bbox 1777 3726 1919 3781; x_wconf 79' lang='lat'>1007,</span> <span class='ocrx_word' id='word_1_190' title='bbox 1948 3723 2221 3784; x_wconf 63' lang='lat' dir='ltr'>prasertim</span> <span class='ocrx_word' id='word_1_191' title='bbox 2255 3725 2345 3770; x_wconf 83' lang='lat'>376</span> <span class='ocrx_word' id='word_1_192' title='bbox 2374 3726 2422 3770; x_wconf 81' lang='lat' dir='ltr'>et</span> <span class='ocrx_word' id='word_1_193' title='bbox 2463 3725 2599 3770; x_wconf 82' lang='lat'><strong>1532.</strong></span> <span class='ocrx_word' id='word_1_194' title='bbox 2631 3721 2702 3770; x_wconf 77' lang='lat' dir='ltr'>cr.</span> <span class='ocrx_word' id='word_1_195' title='bbox 2737 3721 2786 3768; x_wconf 83' lang='lat' dir='ltr'>C.</span> 
     </span>
     <span class='ocr_line' id='line_1_29' title="bbox 763 3800 1978 3860; baseline 0.001 -11"><span class='ocrx_word' id='word_1_196' title='bbox 763 3803 920 3858; x_wconf 70' lang='grc' dir='ltr'>Κοοκ,</span> <span class='ocrx_word' id='word_1_197' title='bbox 946 3800 1194 3860; x_wconf 68' lang='lat' dir='ltr'>Aristoph.</span> <span class='ocrx_word' id='word_1_198' title='bbox 1219 3800 1330 3848; x_wconf 82' lang='lat' dir='ltr'>und</span> <span class='ocrx_word' id='word_1_199' title='bbox 1353 3801 1432 3850; x_wconf 82' lang='lat' dir='ltr'>die</span> <span class='ocrx_word' id='word_1_200' title='bbox 1452 3804 1570 3850; x_wconf 80' lang='lat' dir='ltr'>Goet.</span> <span class='ocrx_word' id='word_1_201' title='bbox 1606 3801 1688 3850; x_wconf 69' lang='lat' dir='ltr'>des</span> <span class='ocrx_word' id='word_1_202' title='bbox 1719 3801 1871 3860; x_wconf 66' lang='lat' dir='ltr'>Volk„</span> <span class='ocrx_word' id='word_1_203' title='bbox 1902 3802 1978 3852; x_wconf 84' lang='lat'>94.</span> 
     </span>
    </p>

    <p class='ocr_par' dir='ltr' id='par_1_7' title="bbox 821 3879 1537 3942">
     <span class='ocr_line' id='line_1_30' title="bbox 821 3879 1537 3942; baseline 0 -13"><span class='ocrx_word' id='word_1_204' title='bbox 821 3879 846 3914; x_wconf 81' lang='lat'><strong>¹</strong></span> <span class='ocrx_word' id='word_1_205' title='bbox 869 3883 1160 3938; x_wconf 63' lang='lat' dir='ltr'>Anlsrorn„</span> <span class='ocrx_word' id='word_1_206' title='bbox 1189 3879 1400 3942; x_wconf 66' lang='lat' dir='ltr'>fraym„</span> <span class='ocrx_word' id='word_1_207' title='bbox 1428 3881 1537 3930; x_wconf 79' lang='lat'><strong>447.</strong></span> 
     </span>
    </p>

    <p class='ocr_par' dir='ltr' id='par_1_8' title="bbox 824 3959 1304 4019">
     <span class='ocr_line' id='line_1_31' title="bbox 824 3959 1304 4019; baseline 0 -12"><span class='ocrx_word' id='word_1_208' title='bbox 824 3959 848 3994; x_wconf 80' lang='lat'><strong>³</strong></span> <span class='ocrx_word' id='word_1_209' title='bbox 871 3963 1019 4017; x_wconf 61' lang='lat' dir='ltr'>Pax„</span> <span class='ocrx_word' id='word_1_210' title='bbox 1049 3960 1106 4006; x_wconf 78' lang='lat'>54</span> <span class='ocrx_word' id='word_1_211' title='bbox 1131 3963 1178 4008; x_wconf 84' lang='lat' dir='ltr'>et</span> <span class='ocrx_word' id='word_1_212' title='bbox 1201 3974 1304 4019; x_wconf 86' lang='lat' dir='ltr'>seq.</span> 
     </span>
    </p>

    <p class='ocr_par' dir='ltr' id='par_1_9' title="bbox 824 4039 1126 4098">
     <span class='ocr_line' id='line_1_32' title="bbox 824 4039 1126 4098; baseline 0.003 -10"><span class='ocrx_word' id='word_1_213' title='bbox 824 4039 850 4074; x_wconf 75' lang='lat'><strong>⁴</strong></span> <span class='ocrx_word' id='word_1_214' title='bbox 872 4041 1018 4098; x_wconf 87' lang='lat' dir='ltr'>Ibid.‚</span> <span class='ocrx_word' id='word_1_215' title='bbox 1047 4041 1126 4089; x_wconf 83' lang='lat'>42.</span> 
     </span>
    </p>

    <p class='ocr_par' dir='ltr' id='par_1_10' title="bbox 823 4120 1931 4182">
     <span class='ocr_line' id='line_1_33' title="bbox 823 4120 1931 4182; baseline 0.003 -13"><span class='ocrx_word' id='word_1_216' title='bbox 823 4120 846 4155; x_wconf 76' lang='lat'><strong>⁸</strong></span> <span class='ocrx_word' id='word_1_217' title='bbox 868 4122 979 4169; x_wconf 87' lang='lat' dir='ltr'>vid.</span> <span class='ocrx_word' id='word_1_218' title='bbox 1007 4123 1252 4177; x_wconf 65' lang='lat' dir='ltr'>Pauus,</span> <span class='ocrx_word' id='word_1_219' title='bbox 1279 4120 1468 4170; x_wconf 64' lang='grc' dir='ltr'>(ἕο-ἰωὴ.</span> <span class='ocrx_word' id='word_1_220' title='bbox 1501 4120 1723 4182; x_wconf 65' lang='lat' dir='ltr'>mythol„</span> <span class='ocrx_word' id='word_1_221' title='bbox 1754 4125 1804 4182; x_wconf 82' lang='lat'>1‚·</span> <span class='ocrx_word' id='word_1_222' title='bbox 1822 4126 1931 4172; x_wconf 77' lang='lat'><strong>326.</strong></span> 
     </span>
    </p>

    <p class='ocr_par' dir='ltr' id='par_1_11' title="bbox 822 4201 1338 4264">
     <span class='ocr_line' id='line_1_34' title="bbox 822 4201 1338 4264; baseline 0.002 -15"><span class='ocrx_word' id='word_1_223' title='bbox 822 4201 845 4238; x_wconf 70' lang='grc' dir='ltr'><strong>θ</strong></span> <span class='ocrx_word' id='word_1_224' title='bbox 874 4205 1014 4264; x_wconf 64' lang='lat' dir='ltr'>Pax„</span> <span class='ocrx_word' id='word_1_225' title='bbox 1047 4205 1134 4250; x_wconf 87' lang='lat'>180</span> <span class='ocrx_word' id='word_1_226' title='bbox 1160 4207 1207 4250; x_wconf 81' lang='lat' dir='ltr'>et</span> <span class='ocrx_word' id='word_1_227' title='bbox 1234 4215 1338 4262; x_wconf 83' lang='lat' dir='ltr'>seq.</span> 
     </span>
    </p>
   </div>
   <div class='ocr_carea' id='block_1_6' title="bbox 3122 3913 3130 4750">
    <p class='ocr_par' dir='ltr' id='par_1_12' title="bbox 3122 3913 3130 4750">
     <span class='ocr_line' id='line_1_35' title="bbox 3122 3913 3130 4750; baseline 0 0"><span class='ocrx_word' id='word_1_228' title='bbox 3122 3913 3130 4750; x_wconf 95' lang='lat' dir='ltr'> </span> 
     </span>
    </p>
   </div>
  </div>
 </body>
</html>
