3167 5125
1282 528 1564 583 —75-

405 654 1080 739 commemoratione,
1124 660 1199 724 ut
1229 660 1452 723 totum
1487 674 1661 745 opus
1704 670 1847 721 non
1884 650 2057 722 adeo
2094 650 2183 721 ab
2214 650 2433 721 Iacchi

404 782 651 853 pompa
690 762 1027 831 dissimile
1059 782 1230 831 sono
1271 767 1476 851 atque
1503 762 1863 831 sententiis
1892 761 2225 843 videatur,
2256 762 2437 830 Aris-

405 870 740 959 tophanes
789 875 1023 938 tamen
1081 890 1304 939 Μουσῶν
1334 880 1490 961 ὄργια
1541 891 1684 938 non
1740 890 1951 959 μυστῶν
1996 870 2317 949 celebret,
2366 876 2437 938 et

403 992 661 1066 Κρατίνου
689 996 790 1046 τοῦ
819 991 1159 1067 ταυροφάγου
1205 978 1542 1045 solemnia
1573 977 2105 1067 spectatorihuS‚
2150 998 2293 1045 non
2326 994 2436 1051 Δή-

403 1109 594 1164 μητρος
619 1084 951 1171 mysteria
987 1084 1270 1151 initiatis
1307 1085 1566 1172 aperiat
1604 1090 1651 1152 ¹.
1700 1086 2012 1154 Carmina
2042 1085 2365 1174 pleraque
2394 1105 2436 1153 a

403 1192 608 1260 choro
629 1180 1013 1270 decantata,
1049 1210 1442 1279 quanquam
1503 1210 1659 1259 cum
1710 1191 2213 1261 Eleusiniorum
2266 1192 2434 1259 deo-

402 1316 552 1363 rum
599 1297 1036 1366 invocatione
1097 1299 1488 1396 conjuncta,
1533 1298 1620 1365 ad
1669 1299 2019 1388 proprium
2073 1298 2431 1366 comoediae

405 1426 575 1493 opus
605 1410 675 1473 et
709 1405 1009 1494 palmam
1033 1404 1271 1473 victori
1308 1406 1730 1495 propositam
1762 1410 2073 1494 spect-ant
2104 1410 2159 1473 2.
2191 1407 2266 1471 In
2298 1427 2433 1493 quo

405 1512 656 1581 Preller
677 1512 834 1602 jure
865 1510 1212 1580 videbitur
1262 1532 1526 1580 errasse
1565 1515 1682 1601 qui
1729 1530 1969 1582 versus
2006 1518 2031 1561 3
2066 1538 2078 1582 :
2124 1547 2145 1577 «
2182 1532 2312 1593 Σῶζε
2343 1527 2433 1581 τὸν

402 1642 605 1699 σαυτῆς
634 1634 800 1710 χορόν
830 1647 846 1691 :
877 1676 890 1690 .
1010 1637 1304 1693 νικήσαντα
1328 1637 1685 1705 ταινιοῦσθαι,
1716 1640 1801 1689 Ox
1848 1623 1995 1711 ipsa
2052 1620 2435 1689 Eleusinio-

403 1751 556 1797 rum
605 1725 1109 1796 consuetudine
1158 1727 1482 1815 repetitos
1522 1727 1806 1816 judicat,
1855 1729 2048 1815 quasi
2109 1727 2436 1815 mysteria

402 1833 906 1903 celebrantibus
937 1833 1214 1921 praemia
1251 1834 1568 1921 quaedam
1594 1834 1848 1904 fuerint
1870 1836 2235 1925 proposita.
2268 1834 2435 1911 Quia

402 1938 685 2008 demum
718 1960 1060 2028 nusquam
1090 1941 1176 2009 de
1208 1942 1321 2009 tali
1383 1963 1574 2011 more
1630 1944 1951 2011 traditum
1992 1948 2119 2021 est,
2158 1960 2432 2009 carmen

401 2048 572 2117 illud
589 2070 716 2125 ταῖς
743 2064 989 2139 πατρίοις
1014 2063 1241 2125 τελεταῖς
1268 2071 1390 2127 ταῖς
1418 2071 1510 2118 τοῦ
1557 2066 1815 2136 ᾼιονύσου
1836 2060 1861 2106 4
1896 2070 2036 2117 non
2060 2048 2424 2117 EleusiniiS

403 2157 532 2225 erit
576 2156 1042 2225 referendum.
1151 2188 1156 2195 ·

492 2263 591 2329 Ita
623 2262 1116 2351 Aristophanes
1165 2264 1235 2330 in
1276 2266 1500 2352 operis
1541 2266 1647 2332 sui
1700 2265 1954 2333 finibus
2004 2263 2310 2333 constitit
2364 2267 2436 2332 et

401 2370 622 2437 anxiae
652 2369 1110 2457 quorumdam
1145 2370 1414 2458 pietatis
1443 2373 1558 2459 qui
1593 2372 1699 2439 vel
1750 2377 2199 2460 temperatam
2234 2390 2430 2437 sanc-

404 2478 692 2545 tissimae
735 2478 1088 2566 religionis
1120 2478 1572 2559 imitationem
1608 2480 1719 2548 vix
1770 2479 2037 2570 passuri
2079 2478 2293 2546 fuisse
2332 2478 2435 2544 vi-

402 2585 768 2666 debantur,
803 2585 1233 2675 suspiciones
1265 2587 1524 2654 vitavit.
1571 2587 1763 2655 Idem
1794 2587 1965 2654 illud
2020 2606 2100 2654 ex
2136 2607 2216 2654 eo
2256 2606 2431 2674 quo-

399 2713 534 2781 que
561 2693 805 2772 elucet,
842 2693 1026 2780 quod
1061 2692 1268 2761 simul
1297 2701 1501 2782 atque
1543 2694 1630 2762 ad
1668 2709 1982 2785 τελεστεριόυ
2036 2695 2249 2762 limen
2284 2713 2431 2782 per-

401 2807 690 2868 ventum
743 2805 850 2869 est
886 2806 936 2880 5,
1016 2801 1305 2868 chorum
1351 2807 1734 2889 mystarum
1788 2809 2033 2892 praeter
2079 2800 2433 2870 comoedia*²

401 2907 974 2976 consuetudinem
1027 2927 1107 2975 ex
1169 2909 1327 2976 viris
1382 2909 1801 2998 feminisque
1861 2912 2259 2990 conflatum,
2312 2909 2433 2977 de-

403 3014 634 3092 misit;
671 3013 1004 3102 reliquam
1037 3012 1340 3081 fabulam
1384 3016 1588 3082 solito
1640 3016 1903 3104 peregit
1950 3036 2163 3094 more,
2204 3035 2432 3101 neque

399 3135 498 3196 τὰς
521 3131 886 3208 παννυχίδας,
965 3141 1278 3188 arcanam
1319 3123 1823 3190 Eleusiniorum
1872 3128 2181 3210 partem,
2259 3122 2432 3188 ultra

405 3229 475 3295 in
520 3227 858 3296 comoedia
897 3228 1246 3318 effingere,
1293 3229 1402 3296 vel
1453 3228 1722 3296 detorta
1769 3228 2174 3309 imitatione,
2220 3249 2433 3296 ausus

402 3341 531 3404 est.

491 3443 912 3510 Sententiam
969 3449 1273 3512 nostram
1328 3444 1412 3512 de
1456 3444 1913 3532 Aristophane
1961 3443 2286 3531 mysteria
2334 3442 2432 3509 fa-

401 3548 584 3616 bulis
617 3551 761 3618 suis
792 3550 1166 3630 intexente‚
1205 3551 1262 3619 si
1301 3551 1536 3640 paucis
1567 3551 1889 3640 colligere
1943 3550 2289 3633 volumUS‚
2328 3549 2429 3618 af-

466 3798 484 3831 ¹
521 3801 608 3846 Tu.
635 3801 789 3856 Kocx,
823 3803 884 3847 ad
919 3815 964 3848 v.
1000 3805 1088 3848 356
1115 3807 1161 3848 ct
1189 3817 1291 3860 seq.

463 3877 486 3910 ²
518 3879 627 3926 vid.
656 3895 703 3926 v.
739 3884 975 3936 355-359,
1004 3884 1236 3936 368-372,
1272 3883 1507 3939 385-394‚
1542 3883 1779 3930 395-414.

463 3958 485 3992 3
519 3958 789 4017 Eleusinia,
834 3959 1147 4021 Realencycl„
1177 3965 1257 4018 ΠΙ,
1294 3966 1400 4018 101,
1431 3977 1580 4021 quem
1610 3969 1807 4011 secutus
1834 3969 1907 4011 est
1948 3966 2101 4021 Kocu,
2142 3965 2204 4011 ad
2240 3977 2288 4011 v.
2323 3965 2428 4024 392,

401 4045 607 4098 uterque
631 4040 779 4087 unico
804 4042 1148 4101 Aristophanis
1176 4043 1456 4091 testimonio
1483 4044 1659 4093 fultus.

463 4118 486 4152 ⁴
525 4123 666 4176 Ram,
701 4124 808 4169 368.

465 4200 486 4236 ⁵
521 4201 672 4259 loia,
707 4201 796 4250 440
827 4207 872 4249 el
901 4215 1004 4266 seq.
