3167 5125
1659 599 1730 611 .-.
1764 570 1836 625 36
1876 599 1945 611 .-

788 696 1062 785 fingunt
1087 695 1485 785 imaginem,
1521 700 1589 763 et
1620 694 1770 764 sine
1803 694 1939 761 ulla
1964 694 2407 763 veneratione
2446 694 2808 763 circulato-

785 803 918 869 rias
948 801 1098 869 illas
1125 802 1552 870 caerimonias
1578 803 2077 890 perstringunt.

873 908 1067 984 Quod
1121 907 1306 975 idem
1358 908 1428 974 in
1488 908 1719 975 locum
1768 908 1965 974 illum
2000 912 2191 973 Pacis
2230 911 2249 954 1
2292 906 2643 986 convenit,
2700 907 2809 973 ubi

783 1014 1110 1102 Trygaeus
1143 1014 1248 1081 cui
1289 1020 1586 1081 mortem
1621 1015 1922 1081 minatus
1974 1020 2078 1081 est
2126 1014 2521 1103 Mercurius,
2566 1028 2615 1087 ἐς
2640 1030 2811 1101 χοιρί-

781 1130 964 1191 διον...
1008 1140 1149 1210 τρεῖς
1179 1130 1434 1211 δραχμάς
1460 1120 1544 1187 ab
1569 1120 1687 1189 illO
1725 1121 1875 1188 Vult
1898 1120 2197 1187 mutuari
2232 1144 2246 1185 t

1217 1323 1305 1371 Act
1332 1316 1436 1392 γάρ
1466 1317 1732 1391 μυηθῆναί
1760 1328 1827 1392 μέ
1848 1316 1975 1392 πρὶν
2005 1316 2321 1375 τεθνηκέναι.

863 1534 1203 1603 Eleusinis
1253 1536 1438 1602 enim
1499 1536 1618 1622 qui
1670 1534 2120 1602 initiabantur
2171 1534 2541 1622 mysteriiS,
2608 1553 2800 1623 spem

773 1641 935 1709 inde
983 1662 1057 1709 se
1093 1641 1270 1709 bene
1319 1640 1655 1708 moriendi
1696 1641 2186 1729 percipiebant,
2222 1642 2543 1729 porcique
2582 1642 2652 1707 in
2694 1641 2801 1707 his

771 1749 980 1815 sacris
1028 1748 1387 1815 immolare
1441 1768 1595 1815 mos
1636 1754 1802 1815 erat.
1858 1746 2055 1813 Haud
2095 1768 2293 1817 secus
2338 1748 2799 1815 Samothracia

771 1854 1120 1941 mysteria,
1174 1855 1426 1941 quaein
1467 1854 1788 1942 periculis
1834 1854 2252 1941 quotidianis
2302 1854 2799 1943 pollicebantur

768 1957 1156 2027 subsidium
1196 1960 1521 2049 Trygaeus
1547 1968 2063 2039 commemorat,
2104 1961 2440 2029 adversus
2463 1945 2795 2049 pistillum

767 2064 988 2144 illum,
1023 2066 1312 2132 alterum
1341 2066 1661 2135 Cleonem
1684 2067 1965 2147 scilicet,
1990 2090 2126 2156 quo
2162 2080 2421 2158 Κυδοιμὸς
2450 2076 2516 2137 et
2539 2081 2790 2159 Πόλεμος,

767 2170 1051 2239 ridicula
1083 2174 1390 2251 numina,
1429 2173 1737 2239 civitates
1770 2193 2024 2261 graecas
2054 2175 2122 2240 in
2154 2176 2437 2241 immani
2472 2176 2791 2243 mortario

761 2283 1117 2347 conterere
1157 2279 1422 2359 volunt,
1453 2275 1741 2346 deorum
1781 2279 2057 2346 illorum
2078 2282 2407 2349 invocans
2429 2281 2713 2349 tutelam
2735 2285 2785 2345 2.

851 2386 1011 2452 Haec
1039 2386 1094 2453 si
1136 2386 1290 2474 quis
1337 2386 1633 2452 nimium
1680 2386 1845 2453 velit
1893 2406 2136 2475 urgere
2186 2394 2390 2476 atque
2438 2387 2601 2455 inde
2657 2390 2790 2453 im-

762 2492 1032 2582 pietatis
1053 2500 1456 2582 argumenta
1477 2493 1821 2584 colligere,
1843 2514 2082 2562 vereor
2103 2516 2191 2563 ne
2212 2516 2484 2584 aequum
2508 2493 2789 2564 excedat

761 2599 1072 2669 modum.
1131 2601 1306 2678 Quin
1347 2601 1484 2668 imo
1527 2605 1900 2683 Lysistratae
1948 2609 2014 2668 et
2076 2605 2785 2687 Thesmophoria‘zusa-

756 2729 919 2772 rum
965 2708 1330 2795 spurcitiae,
1385 2707 1709 2795 piissimis
1758 2709 2165 2776 consociatae
2217 2709 2659 2789 carminibuS,
2720 2715 2787 2777 et

757 2812 1037 2906 insano
1086 2814 1408 2882 Minervae
1453 2815 1851 2901 Cererisque
1900 2813 2133 2882 divino
2180 2816 2551 2904 patrocinio
2597 2837 2783 2883 com-

735 2919 1138 3000 -mendatae‚
1210 2921 1339 2989 etsi
1395 2922 1548 3010 jure
1618 2929 1969 3009 stuporem
2036 2929 2358 3002 movent,
2436 2921 2785 3010 probabile

757 3025 1029 3094 null-um
1067 3026 1153 3094 de
1187 3027 1512 3116 religione
1555 3027 2031 3116 Aristophanis
2080 3034 2197 3095 aut
2226 3029 2574 3117 impietate
2604 3028 2781 3094 indi-

755 3135 937 3202 cium
974 3135 1304 3224 praebent.
1338 3135 1681 3223 Dignitate
1712 3135 1897 3201 enim
1944 3134 2239 3223 quadam
2288 3145 2583 3224 παρῳδίας,
2621 3156 2781 3222 quo-

754 3243 1179 3330 tiescumque
1209 3241 1293 3308 ad
1315 3243 1548 3330 jocum
1579 3240 1777 3308 illum
1808 3251 2007 3329 poeta
2030 3241 2361 3329 confugit,
2390 3238 2781 3308 admonitos

753 3349 972 3416 voluit
1009 3354 1450 3436 spectatoreS,
1488 3368 1576 3416 ne
1610 3351 1817 3416 sacris
1862 3349 2236 3438 gentilibus
2286 3347 2773 3426 adscriberent,
2888 3339 2897 3347 ⁴

751 3475 903 3542 quae
943 3453 1414 3522 delectationis
1468 3475 1673 3522 causa.
1720 3455 2091 3545 cogebatur
2142 3453 2659 3543 quodammodo
2707 3454 2776 3520 in

749 3559 1052 3627 fabulam
1083 3547 1455 3649 suscipere.

838 3669 904 3736 Si
954 3674 1184 3734 tamen
1222 3688 1363 3735 non
1407 3669 1835 3736 voluntatem
1884 3668 2203 3746 auctoris,
2250 3667 2374 3736 sed
2402 3667 2775 3736 Athenien-

749 3776 929 3843 sium
967 3775 1234 3842 animos
1278 3775 1481 3842 altius
1521 3775 1999 3864 perspicimUS,
2058 3781 2125 3844 et
2173 3774 2257 3843 de
2310 3774 2606 3842 colluvie
2662 3775 2777 3842 illa

748 3903 1020 3971 aequum
1087 3882 1376 3950 ferimus
1432 3882 1795 3971 judicium,
1860 3883 2102 3950 ‘licebit
2166 3884 2397 3950 forsan
2460 3881 2773 3950 dubitare

806 4151 825 4186 ¹
865 4154 1008 4206 Pax„
1041 4153 1124 4199 371
1162 4155 1208 4198 et
1237 4165 1338 4211 seq.

803 4233 826 4268 ²
859 4234 1004 4289 1hid.,
1037 4235 1144 4280 276.
1169 4233 1236 4280 Cf.
1269 4235 1480 4290 Lonmx,
1501 4232 1755 4293 Aylaoplc„
1790 4237 1924 4282 1219.
