3167 5125
734 642 1179 715 terrestribus
1203 638 1524 722 vinculis,
1563 640 1795 711 anima
1830 640 1919 711 ad
1940 658 2205 713 meram
2228 656 2429 713 suam
2446 644 2765 715 miram

733 771 814 821 ac
841 748 1310 821 conditionem
1345 747 1576 831 rediit,
1608 746 1723 818 alii
1745 754 1955 839 atque
1994 749 2042 817 ii
2094 748 2522 840 antiquiores.
2556 751 2629 819 in
2653 752 2765 820 in·

735 856 902 929 feris
927 856 991 928 ei
1020 856 1261 927 sedem
1283 856 1749 947 assignarunt,
1779 856 1927 926 sive
1944 861 2024 925 ut
2044 856 2247 926 honae
2282 842 2445 927 {rita
2467 856 2561 926 ihi
2588 858 2767 927 acci-

735 970 927 1057 peret
955 962 1368 1044 mercedem,
1398 964 1546 1034 sive
1569 969 1649 1032 ut
1668 964 2025 1055 culparum
2068 964 2333 1035 elueret
2357 965 2663 1035 maculas
2696 971 2771 1037 et

735 1077 1008 1165 peccata
1035 1070 1275 1163 piaret.
1304 1070 1435 1140 Alii
1461 1071 1664 1161 paulo
1693 1076 1855 1140 ante
1896 1070 2381 1163 Aristophanis
2424 1077 2762 1165 tempora,

739 1180 1056 1251 eamdem
1095 1179 1183 1249 de
1208 1178 1460 1249 animis
1489 1178 1872 1249 doctrinam
1898 1198 2055 1249 cum
2084 1180 2504 1250 astronomia
2529 1202 2770 1251 conso-

735 1290 1114 1368 ciaverunt,
1150 1293 1220 1357 et
1243 1286 1482 1357 sedem
1508 1285 1856 1377 propriam
1882 1286 2228 1357 bonorum
2252 1287 2767 1358 collocer-untia

736 1397 964 1467 astris.
988 1394 1159 1465 Inde
1174 1394 1370 1486 -genii
1419 1392 1765 1463 radiantes
1799 1395 2047 1465 ceteris
2076 1394 2505 1477 hominihus,
2536 1395 2769 1465 adhuc

737 1506 811 1574 in
871 1508 1208 1573 terrarum
1281 1501 1526 1572 exsilio
1592 1500 2033 1593 degent-ibus,
2099 1502 2459 1594 invigilare
2510 1520 2770 1593 eosque

735 1610 914 1684 tueri
927 1610 1404 1681 credebantur.
1428 1610 1552 1679 His
1571 1610 1962 1680 Graecorum
1983 1610 2249 1701 placitis
2262 1610 2511 1679 miram
2536 1610 2769 1682 inesse
2799 1642 2807 1648 ·

739 1720 1038 1811 speciem
1067 1738 1208 1789 non
1228 1716 1769 1809 pulchritudinis
1796 1722 2071 1789 tantum
2096 1722 2383 1810 poeticae
2408 1717 2534 1791 sed
2564 1726 2769 1789 rectae

735 1828 944 1899 etiam
999 1826 1284 1897 rationis
1348 1842 1557 1897 nemo
1619 1824 1923 1916 negabit,
1992 1824 2335 1917 siquidem
2402 1826 2587 1917 apud
2638 1848 2769 1898 nos

735 1934 1115 2007 doctissimi
1149 1934 1276 2005 viri
1303 1940 1376 2004 et
1412 1933 1651 2004 subtili
1674 1932 1986 2003 exornati
2036 1932 2373 2019 doct-rina,
2413 1936 2590 2005 nihil
2616 1956 2767 2006 me-

741 2045 878 2115 lius
914 2043 1004 2114 de
1031 2042 1430 2114 conditione
1457 2047 1695 2111 nostra
1731 2042 1965 2113 futura
2014 2043 2430 2115 invenerunt
2464 2048 2515 2115 ¹.
2552 2046 2769 2123 Quam

739 2150 1062 2221 Socratici
1089 2170 1130 2221 a
1155 2150 1745 2241 Pythagoreorum
1766 2156 2148 2241 purgarunt
2184 2150 2555 2233 erroribus,
2582 2152 2773 2222 unde

741 2258 985 2345 eadem
1013 2258 1234 2329 ferme
1255 2256 1386 2327 sub
1417 2256 1643 2327 forma
1698 2258 1771 2326 in
1806 2258 2257 2328 christianam
2287 2256 2503 2330 fldem
2542 2267 2769 2331 trans-

739 2364 880 2439 lata
907 2373 1039 2439 est.

829 2478 1200 2566 Utramque
1231 2472 1320 2543 de
1349 2473 1720 2543 immortali
1766 2474 1997 2543 anima
2036 2474 2471 2568 disciplinam
2501 2477 2771 2547 Aristo-

742 2587 1010 2677 phanes
1047 2583 1242 2654 novit
1266 2587 1474 2673 atque
1517 2583 1661 2652 risu
1710 2583 2119 2674 conspersit,
2154 2585 2441 2656 alteram
2463 2587 2534 2654 in
2572 2591 2765 2668 Pace,

743 2694 1030 2763 alteram
1059 2693 1131 2760 in
1157 2693 1385 2760 Ranis.
2624 2777 2631 2780 -

832 2799 1195 2890 Trygaeum
1238 2797 1326 2866 ab
1357 2797 1649 2890 Olympo
1688 2799 2012 2868 reducem
2051 2804 2495 2891 percontatur
2522 2819 2769 2870 servus

745 2915 976 2978 utrum
1005 2905 1217 2975 alium
1248 2905 1645 2998 quempiam
1672 2905 2031 2976 hominem
2081 2907 2154 2976 in
2208 2919 2367 2978 aere
2402 2913 2770 2998 vagantem

743 3013 993 3085 viderit
1022 3018 1077 3082 2.
1103 3012 1406 3096 Minime,
1431 3011 1830 3104 respondet,

1922 3181 1967 3236 εἰ
1996 3183 2069 3256 μή
2098 3180 2155 3254 γε’
2186 3199 2290 3236 που

1101 3288 1301 3363 Ψυχὰς
1328 3281 1414 3344 δύ’
1441 3286 1474 3348 ἦ
1508 3291 1651 3362 τρεῖς
1678 3281 2331 3364 διθυραμὸοδιδασκάλυν.

741 3491 962 3560 Instat
982 3487 1305 3569 famulae,
1340 3507 1452 3558 res
1482 3485 1555 3556 in
1594 3507 1869 3558 summo
1902 3485 2161 3556 aethere
2202 3491 2433 3578 gestas
2479 3487 2775 3557 investi-

744 3594 955 3687 gandi
979 3595 1273 3687 cupidus
1304 3618 1319 3663 ε

1103 3775 1216 3835 oen
1247 3774 1314 3838 ἦν
1343 3773 1432 3852 ἄρ’
1460 3773 1572 3833 οὐδ’
1602 3775 1638 3832 ἂ
1666 3778 2051 3862 >dyoecesim-oi
2080 3778 2173 3833 τὸν
2202 3779 2356 3854 ἀέρα,

1103 3865 1178 3940 ἐς
1205 3875 1418 3952 ἀστέρες
1443 3869 1733 3952 γιγνόμεθ’,
1752 3873 1895 3932 ὅταν
1922 3895 2005 3940 τις
2033 3875 2309 3951 ἀποθανῇ

806 4121 826 4158 ¹
861 4125 918 4172 V.
943 4122 1075 4172 inter
1095 4122 1213 4180 alia,
1240 4121 1467 4182 Flamin,
1498 4125 1562 4174 Le
1586 4121 1888 4174 [cadumin
1912 4121 1975 4174 do
1996 4119 2053 4172 la
2080 4127 2228 4173 mort.
2336 4116 2343 4120 ’

808 4201 834 4238 ²
861 4207 1012 4263 Pax„
1041 4205 1132 4254 827
1159 4205 1210 4252 et
1235 4211 1339 4265 seq·
1717 4223 1727 4228 -
