3167 5125
1549 515 1867 574 ..ηὸ-

689 638 967 722 ductuS‚
1005 639 1414 709 comoediam
1468 642 1764 731 perfecta
1832 661 1956 709 sua
2001 641 2276 710 civitate
2325 642 2714 723 excluserit,

685 749 1223 838 Aristophanem
1254 755 1487 816 tamen
1523 749 1805 816 maximi
1845 748 2006 817 fecit
2053 755 2336 837 propter
2365 748 2718 838 ingenium

688 861 757 921 et
816 855 1121 922 convicia
1198 855 1267 922 in
1358 856 1768 944 magistrum
1828 855 1990 923 olim
2054 861 2379 944 congesta
2435 856 2718 924 omnino

688 960 937 1030 deinde
968 962 1280 1030 oblivisci
1310 969 1427 1045 aut
1466 982 1793 1030 excusare
1813 963 2004 1030 visus
2021 969 2148 1031 est.
2174 963 2494 1031 Attamen
2514 964 2720 1031 comi-

688 1091 843 1138 cum
872 1071 942 1137 in
970 1074 1290 1138 convivio
1323 1069 1781 1138 disserentem
1815 1069 1906 1136 ita
1938 1068 2202 1137 inducit
2233 1075 2310 1136 ut
2333 1090 2415 1137 ex
2447 1091 2721 1160 compa·

688 1179 951 1248 ratione
980 1177 1099 1245 fiat
1136 1176 1610 1256 manifestum,
1667 1182 2006 1264 quantum
2048 1177 2342 1244 Socratis
2387 1178 2718 1266 sapientia

685 1285 947 1354 facetiis
986 1285 1401 1354 comicorum
1446 1285 1851 1374 sapientiam
1879 1284 2382 1374 aucupantibus
2413 1290 2712 1374 praestet.

690 1396 791 1461 Ita
822 1394 1005 1462 enim
1034 1414 1108 1462 se
1133 1414 1241 1470 res
1271 1393 1480 1461 habet
1516 1418 1528 1460 :
1566 1413 1694 1460 nec
1717 1391 2014 1460 obstabit
2029 1391 2201 1460 illud
2224 1391 2402 1460 bene
2423 1393 2712 1460 scitum:

694 1527 729 1563 «
756 1502 1051 1590 castigat
1071 1500 1358 1568 ridendo
1378 1521 1648 1580 mores;
1682 1526 1714 1562 »
1745 1504 1813 1567 et
1839 1498 2122 1586 Dionysi
2141 1497 2661 1566 celeberrimum
2696 1526 2709 1566 :

696 1645 716 1673 α
736 1611 786 1679 li
800 1617 1043 1698 κωμωδία
1064 1623 1222 1694 αὐτὴ,
1244 1622 1305 1676 τὸ
1321 1622 1519 1696 γελοῖον
1539 1620 1952 1696 προστησαμένη
1973 1618 2233 1693 φιλοσοφεῖ
2255 1617 2302 1689 ¹3
2327 1638 2348 1668 ι
2377 1606 2544 1692 quin
2566 1625 2716 1673 Sen-

686 1717 975 1784 tentiam
1016 1720 1323 1783 nostram
1352 1717 1583 1804 aperte
1625 1714 2090 1804 profiteamur.
2126 1712 2229 1780 Ad
2268 1713 2699 1802 sapientiam,

684 1823 1112 1912 probitatem,
1150 1821 1371 1890 bonos
1416 1840 1669 1901 moreS,
1715 1821 2002 1888 virtutes
2044 1819 2350 1908 publicas
2372 1823 2707 1909 privatas-

688 1950 821 2018 que
861 1935 928 1996 et
950 1928 1343 1996 divinorum
1374 1935 1757 2017 respectum
1801 1949 1940 1995 non
1969 1927 2170 1994 datur
2193 1927 2470 1995 comicis
2502 1927 2712 1995 infor·-

688 2055 876 2104 mare
925 2033 1217 2116 animOS‚
1275 2035 1407 2102 nisi
1450 2035 1702 2124 proprii
1758 2034 1861 2101 sui
1890 2033 2113 2122 operis
2165 2033 2384 2112 obliti,
2439 2032 2714 2100 fastidia

688 2141 877 2230 vulgi
940 2142 1231 2230 experiri
1285 2139 1551 2218 malint,
1587 2138 1718 2206 nisi
1775 2138 2090 2208 doctores
2140 2139 2298 2207 facti
2357 2140 2426 2206 in
2479 2161 2708 2220 scena,

680 2243 1087 2338 τρυγοδαίμονες
1120 2250 1148 2294 2
1172 2266 1325 2314 esse
1347 2246 1686 2314 desinant.
1719 2247 1858 2314 Etsi
1878 2247 2082 2314 aliam
2104 2246 2291 2315 haud
2315 2248 2530 2315 semel
2552 2246 2714 2314 artis

684 2375 827 2423 suae
858 2356 1082 2444 legem
1131 2354 1483 2443 professus
1548 2359 1655 2422 est
1706 2353 2224 2442 Aristophanes„
2297 2355 2390 2422 ita
2455 2361 2708 2435 tamen,

683 2463 948 2532 eumad
985 2483 1131 2530 rem
1158 2462 1380 2550 ipsam
1414 2469 1702 2530 ventum
1733 2466 1860 2541 est,
1905 2462 1976 2526 in
2006 2462 2282 2550 proprio
2323 2483 2448 2530 suo
2488 2461 2711 2529 officio

682 2571 1007 2651 constitit,
1050 2580 1123 2638 ut
1157 2572 1396 2639 comici
1423 2571 1678 2639 famam
1736 2570 1862 2638 sibi
1895 2576 2053 2637 ante
2099 2571 2330 2637 omnia
2375 2590 2717 2659 compara·

682 2680 793 2746 rit.
852 2680 1032 2746 Reus
1106 2683 1364 2759 noster,
1418 2678 1547 2745 bae
1612 2677 1827 2745 fultus
1875 2677 2160 2757 ratione,
2232 2697 2374 2744 non
2441 2676 2710 2744 indem-

681 2790 883 2865 natus
914 2785 1143 2852 solum
1174 2784 1298 2851 sed
1324 2790 1688 2853 coronatus
1705 2783 1964 2873 judicio
1996 2790 2232 2851 nostro
2277 2784 2514 2852 exibit.

766 2891 830 2957 Si
890 2899 1120 2957 tamen
1166 2910 1307 2958 non
1351 2890 1801 2981 denegabitur
1852 2910 2166 2958 recessus
2227 2910 2502 2979 quoque
2551 2889 2704 2956 illos

680 2997 1065 3064 animorum
1134 3003 1338 3085 atque
1386 2996 1688 3077 latebras
1743 3002 2124 3085 penetrare,
2171 2996 2424 3085 quibus
2468 2996 2722 3091 comici·

678 3123 954 3193 egressa
985 3104 1327 3193 cogitatiO,
1354 3111 1717 3193 postquam
1752 3124 1979 3173 rerum
2016 3104 2516 3193 hominumque
2545 3112 2706 3173 co'n-

681 3210 1126 3301 templatione
1146 3218 1488 3279 commota
1508 3215 1614 3279 est
1639 3216 1709 3279 et
1731 3210 1818 3277 ad
1833 3211 2172 3279 tristitiam
2195 3212 2384 3278 illam
2401 3211 2710 3279 traducta

676 3340 830 3407 quae
862 3316 949 3387 de
977 3316 1204 3387 medio
1243 3319 1558 3407 jocorum
1590 3318 1781 3386 fonte
1819 3338 2099 3406 surgere
2139 3318 2339 3398 solet,
2371 3318 2456 3384 ad
2523 3339 2700 3407 opus

676 3446 883 3493 suum
916 3424 1265 3513 proprium
1300 3445 1450 3493 sese
1474 3424 1892 3513 comparavit
1921 3424 2255 3503 alacriter,
2282 3425 2706 3513 reperiemus

673 3531 1231 3620 Aristophanem,
1269 3530 1476 3598 dubia
1522 3538 1592 3598 et
1629 3550 1871 3597 manca
1915 3529 2212 3619 primum
2244 3531 2496 3619 pietate
2527 3529 2695 3597 sub-

676 3640 941 3717 nixum,
980 3635 1146 3703 deos
1194 3644 1397 3723 atque
1452 3657 1642 3704 sacra
1701 3636 1787 3702 ad
1843 3636 2221 3704 fabularum
2281 3637 2709 3726 propositum

674 3752 987 3823 vertere;
1026 3742 1209 3821 dein,
1256 3742 1691 3811 adolescente
1727 3743 2073 3832 paulisper
2125 3742 2412 3822 ratione,
2457 3740 2704 3813 eadem

674 3848 1130 3918 immoderato
1178 3848 1406 3915 derisu
1454 3850 1799 3937 prosequi,
1845 3848 2065 3917 donec
2132 3848 2709 3937 philosophorum

735 4114 753 4149 1
792 4118 936 4163 Dion.
967 4112 1159 4169 Hunc„
1192 4112 1254 4161 De
1282 4115 1419 4161 Orat.
1448 4106 1549 4184 1¹29„
1583 4111 1620 4172 Ῑ,
1657 4114 1725 4162 Η.

733 4193 757 4228 2
792 4194 940 4251 Nub.‚
972 4197 1082 4242 296.
