3167 5125
1284 443 1601 504 -103-

426 570 551 640 Cui.
566 568 949 640 cavillando
980 570 1308 658 Trygaeus
1335 566 1599 640 lucidas
1636 569 1788 642 illas
1821 569 2054 643 stellas
2083 592 2120 640 e
2151 570 2442 644 divitum

426 677 783 746 stellarum
848 693 1003 745 esse
1066 694 1356 746 numero
1420 675 1820 766 respondet,
1879 698 2033 766 quae
2087 698 2274 748 caena
2330 699 2442 750 re-

424 783 743 866 deunteS,
800 801 1121 852 accensas
1174 780 1407 852 ferunt
1454 782 1756 912 Laternas
1783 803 1873 856 nc
1909 783 1980 852 in
2032 784 2276 856 itinere
2339 787 2446 856 of-

423 889 731 960 fendant.

382 993 387 996 ’
512 997 593 1065 In
620 1000 827 1065 Ranis
868 996 1455 1086 Pythagoreorum
1481 997 1730 1086 placita
1783 998 1872 1070 de
1913 999 2320 1088 migratione
2381 1006 2449 1066 et
2530 1018 2534 1022 ·

427 1103 906 1196 purificatione
932 1103 1320 1173 animarum
1360 1109 1827 1194 spectatorum
1874 1125 2052 1196 pene
2081 1106 2451 1195 subjiciun-

426 1219 542 1280 tur
560 1211 787 1288 oculis
818 1217 891 1282 et
916 1211 1249 1280 comicam
1275 1211 1577 1300 speciem
1597 1210 1896 1284 induunt
1933 1217 1980 1280 ¹.
2018 1213 2096 1284 In
2125 1233 2332 1284 scena
2355 1214 2449 1282 vi-

426 1321 591 1392 dere
619 1325 729 1390 est
752 1324 1111 1389 mortuum
1130 1319 1411 1401 elatum,
1446 1318 1534 1386 ad
1562 1319 1944 1393 Acherusia
1965 1313 2444 1412 properantem

402 1431 655 1498 ‘littora
684 1432 754 1497 et
787 1432 1219 1496 recusantem
1266 1427 1642 1516 quominus
1677 1427 1994 1499 Xanthiae
2043 1427 2196 1501 loco
2238 1428 2445 1496 sarci-

424 1556 549 1605 nas
574 1534 822 1604 Bacchi
838 1532 1122 1602 auferat.
1152 1533 1400 1603 Totum
1430 1531 1558 1602 iter
1578 1532 1666 1601 ab
1689 1533 1940 1604 animis
1968 1539 2446 1624 postmortem

422 1640 895 1714 emetiendum
933 1645 1275 1731 spectator
1306 1661 1467 1710 cum
1495 1646 1698 1731 poeta
1741 1641 2043 1732 peragit;
2090 1661 2252 1712 nam
2278 1642 2444 1710 Bac·-

422 1751 623 1834 chuS,
654 1747 991 1840 dignitate
1016 1767 1145 1816 sua
1180 1747 1731 1830 commendatae,
1769 1749 2129 1819 Charontis
2169 1749 2447 1818 vehitur

421 1857 692 1948 cymba,
727 1855 897 1924 dum
943 1854 1274 1924 Xanthias
1312 1875 1581 1936 servae,
1630 1855 1969 1946 pedestris
2029 1863 2102 1926 et
2139 1843 2447 1926 'circuitu

418 1965 621 2046 facto,
666 1963 911 2034 eodem
940 1961 1263 2032 convenit
1292 1961 1446 2031 loci.
1492 1961 1921 2034 Initiatorum
1962 1983 2236 2053 quoque
2275 1963 2444 2032 cho-

421 2093 575 2142 rum
606 2070 891 2161 praemia
922 2089 1049 2138 sua
1084 2075 1444 2139 canentem
1476 2075 1543 2140 et
1566 2091 1756 2140 nunc
1792 2073 1970 2141 serio
1999 2092 2188 2142 nunc
2211 2073 2447 2162 jocose

420 2178 881 2250 celebrantem
936 2176 1263 2266 mysteria
1320 2176 1604 2247 inducit.
1670 2178 1833 2255 Quae
1899 2179 1970 2248 in
2035 2198 2238 2249 scena
2301 2199 2443 2248 non

420 2291 821 2377 comparent
850 2269 1141 2374 peracta,
1186 2283 1529 2366 Heraclea»,
1572 2286 1914 2355 Bacchum
1945 2286 2032 2355 de
2091 2287 2219 2356 viae
2265 2287 2444 2376 peri-2

420 2393 593 2464 culis
616 2400 686 2462 et
716 2391 1057 2483 portentis
1108 2391 1624 2480 praemonendO,
1659 2393 2000 2462 enarravit
2048 2393 2350 2483 primum
2383 2398 2437 2474 ²,

421 2521 509 2571 ne
538 2500 679 2571 ulla
713 2518 869 2590 pars
906 2499 1115 2589 hujus
1137 2496 1581 2567 fabulationis
1635 2499 2135 2570 cavillationem
2183 2499 2444 2589 effuge-

419 2616 545 2679 ret.
615 2606 1089 2698 EmpedocleS,
1154 2624 1362 2694 quem
1430 2612 1700 2675 constat
1746 2606 1964 2676 multa
2022 2606 2110 2676 de
2203 2606 2442 2675 inferis

418 2716 780 2807 scripsisse
826 2735 986 2783 cum
1043 2732 1293 2805 magno
1320 2714 1711 2783 Graecorum
1773 2714 2030 2803 favore,
2091 2713 2440 2783 Philolaus

421 2822 937 2913 Pythagoricum
970 2822 1165 2910 cujus
1190 2819 1433 2911 placita
1488 2821 1689 2910 paulo
1737 2828 1895 2911 post
1924 2823 2112 2891 Plato
2151 2842 2440 2891 exorna-

421 2932 520 2999 vit
592 2937 661 2997 et·
734 2928 1201 3017 amplificavit,
1262 2929 1502 2997 comici
1589 2929 2038 3019 petulantiam
2121 2929 2443 2999 videntur

422 3036 723 3116 aluisse;
764 3034 909 3106 sive
960 3054 1202 3103 eorum
1240 3034 1453 3103 libros
1491 3035 1562 3101 in
1616 3034 1936 3104 manibus
1977 3036 2238 3117 habuit,
2291 3038 2438 3105 sive

419 3144 601 3213 fama
638 3141 983 3231 cognovit.
1018 3140 1202 3209 Sicut
1224 3145 1722 3222 Ecclesiam-sis,
1765 3162 1920 3229 quae
1948 3134 2178 3211 tamen
2208 3141 2438 3210 fabula

418 3251 655 3319 multis
682 3250 882 3318 annis
907 3248 1091 3337 prior
1118 3253 1246 3327 est,
1273 3247 1496 3315 civilia
1524 3247 2016 3316 Socraticorum
2055 3246 2321 3317 somnia
2343 3247 2442 3315 lu-

417 3357 635 3425 dibrio
675 3355 940 3435 habuit,
974 3354 1067 3423 ita
1097 3350 1327 3423 'Ranis
1372 3372 1523 3422 eam
1563 3358 1898 3421 Phedonis
1963 3349 2227 3443 partem
2282 3376 2436 3444 quae

416 3466 488 3532 in
538 3463 917 3532 inferorum
986 3460 1446 3551 descriptione
1488 3467 1824 3543 versatur,
1878 3481 2276 3551 expressam
2326 3461 2432 3529 di-

418 3590 607 3640 ceres
642 3573 695 3637 3.

480 3802 497 3837 ¹
534 3804 677 3862 Rau„
710 3804 797 3849 170
822 3807 871 3848 et
896 3815 998 3861 seq.

475 3882 498 3917 ²
532 3882 681 3939 Ibid„
712 3884 798 3930 139
828 3885 1000 3942 etseq.
1029 3883 1101 3930 Cf.
1128 3896 1295 3941 supra,
1327 3897 1375 3941 p.
1407 3887 1463 3931 56
1493 3890 1541 3931 et
1566 3898 1670 3944 seq.
1705 3886 1926 3945 Epimet„
1955 3890 2004 3934 61
2041 3890 2220 3946 etseq.

471 3960 495 3996 ⁸
527 3964 1075 4020 C.Fa.Hsnmm1v‚De
1094 3962 1379 4022 Reipublicae
1402 3962 1623 4012 Platonis
1645 3966 1954 4025 temporibus.
1976 3968 2169 4023 Rarum
2189 3964 2438 4025 aristoph.

412 4044 521 4099 vit„
550 4044 682 4105 2¹²·
716 4044 965 4100 Mummii,
994 4044 1115 4093 Hice.
1142 4044 1281 4101 orit„
1307 4045 1345 4103 1,
1378 4046 1486 4093 289.
1526 4046 1710 4101 Banu,
1749 4044 1892 4109 Reliq-
1931 4058 2050 4095 eom.
2087 4045 2246 4102 attio„
2280 4059 2328 4106 p.
2357 4048 2439 4093 81.

418 4124 738 4180 anumr,
770 4124 829 4180 11,
862 4126 970 4172 883.
