3167 5125
1518 571 1579 586 —-
1621 541 1800 600 90,—

640 675 1171 754 mophoriazusis
1202 669 1540 757 religiose,
1573 669 1702 734 rite
1731 671 1800 736 et
1828 669 2011 734 caste
2036 657 2417 751 composita
2455 659 2677 750 impu-

645 777 1067 845 dentissimis
1096 775 1459 842 admiscuit
1490 773 1836 864 spurcitiis
1889 771 2410 858 Aristophanes.
2447 769 2543 834 Ex
2565 769 2672 856 ip·

642 884 786 950 sius
826 883 1081 951 Cereris
1102 881 1565 972 penetralibus
1593 885 1660 946 et
1691 883 1935 946 arcana
1963 877 2452 971 mysteriorum
2485 895 2678 942 sanc-

644 990 834 1058 titate
862 989 1225 1078 profluisse
1264 987 1500 1056 credas
1546 1007 1789 1054 versus
1813 985 1994 1064 illos,
2055 984 2172 1071 qui
2204 983 2438 1051 divino
2467 1002 2680 1071 prope

640 1097 882 1185 spiritu
937 1090 1235 1163 instincti
1278 1101 1366 1163 ne
1394 1093 1783 1162 christianis
1837 1091 2117 1180 'quidem
2175 1091 2382 1157 sacri-7·
2431 1089 2677 1157 absoni

644 1202 1041 1271 viderentur
1087 1227 1099 1268 :

894 1453 909 1464 „
978 1454 1003 1471 Μ
1089 1373 1167 1466 [fv
1200 1395 1311 1468 γὰρ,
1336 1394 1493 1467 ληφθῇ
1514 1390 1734 1472 ’δρᾴσασς
1769 1391 1986 1476 &admon
2067 1447 2074 1456 ‚

1096 1493 1257 1544 Δώσει
1286 1509 1339 1543 τε
1366 1483 1513 1548 &im
1548 1491 1637 1544 καὶ
1666 1490 1800 1564 πρὸς
1829 1475 1996 1561 4’τοίη-ῳ

1092 1597 1219 1650 Τοῖς
1250 1585 1425 1650 ἄλλοις
1458 1587 1658 1644 ἅπασιν
1692 1585 1847 1640 ἔσται

1091 1683 1415 1762 Παράδειγμ’
1444 1685 1632 1761 tapam,-
1672 1683 1860 1738 ἀδίκων
1894 1681 1940 1737 τ’
1970 1681 2157 1760 ἔργων,

1244 1773 1407 1840 Α’θέων
1438 1805 1491 1837 τε
1519 1784 1726 1859 τρόπων
1755 1797 1769 1810 ·

1086 1887 1246 1943 Φήσει
1280 1879 1326 1936 δ’
1353 1879 1488 1936 εἶναι’
1516 1903 1568 1936 τε
1601 1885 1744 1943 θεοὺς
1771 1889 2020 1956 φανερῶςῚ

1332 1983 1491 2047 Δείξει
1520 2001 1552 2033 τ
1591 1977 1690 2040 ἤδη

1080 2085 1253 2134 Πᾶσιν
1288 2083 1579 2154 ἀνθρώποις
1611 2080 1820 2143 σεὸίζειν
1855 2077 2136 2153 δαίμονας,
2173 2098 2222 2134 κ.
2259 2098 2307 2134 τ.
2341 2078 2390 2132 λ.

651 2290 689 2298 ”
734 2299 809 2364 In
832 2295 1072 2366 eadem
1104 2297 1217 2364 illa
1272 2297 1499 2364 fabula
1556 2299 1791 2377 Diana,
1845 2297 2045 2376 June,
2099 2295 2469 2364 Mercurius
2519 2316 2678 2362 cum

648 2407 825 2472 Pane
865 2412 933 2472 et
963 2404 1325 2493 Nymphis,
1349 2405 1653 2471 Bacchus
1680 2403 1978 2492 denique
2015 2403 2419 2470 chorearum
2451 2401 2587 2469 dux
2611 2409 2681 2470 et

645 2511 999 2581 comoediae
1025 2519 1378 2601 patronus,
1406 2512 1686 2599 hymnis
1708 2509 2166 2600 praedicantur
2196 2505 2622 2577 solemnibus
2655 2533 2671 2589 ;

646 2620 806 2688 dein
836 2620 965 2687 sub
1000 2620 1163 2699 fine,
1209 2638 1296 2686 ne
1334 2619 1555 2685 ullum
1588 2618 1948 2707 gentilium
1995 2618 2357 2685 numinum
2396 2623 2680 2705 praeter-

644 2726 955 2793 mittatur
1005 2746 1043 2791 a
1104 2730 1326 2813 poeta,
1378 2723 1659 2803 Palladi,
1706 2725 2130 2812 Proserpinae
2183 2728 2388 2811 atque
2457 2720 2679 2791 Cereri

646 2852 813 2900 suus
852 2832 1097 2919 cuique
1139 2830 1458 2898 tribuitur
1498 2831 1747 2909 honos,
1788 2852 1946 2897 cum
2003 2837 2190 2897 tanta
2237 2814 2561 2897 varietate
2609 2836 2680 2897 et

644 2938 859 3027 copia,
891 2943 967 3005 ut
998 2939 1111 3005 vix
1140 2937 1429 3026 intelligi
1458 2938 1778 3026 possitab
1801 2938 2044 3006 eodem
2064 2944 2265 3026 poeta
2309 2937 2378 3003 in
2397 2935 2680 3005 eosdem

646 3045 813 3113 deos
851 3044 1054 3113 toties
1096 3045 1335 3112 ultima
1383 3045 1688 3113 convicia
1728 3044 1942 3112 fuisse
1971 3049 2316 3133 congesta.

732 3156 1051 3219 Attamen
1132 3152 1555 3246 hymnorum
1604 3152 1878 3219 illorum
1937 3150 2466 3239 magnificentia,
2523 3150 2680 3217 ‹leni

634 3262 791 3349 joco
832 3266 1229 3347 temperata,
1270 3276 1347 3325 ea
1400 3265 1504 3325 est
1549 3264 1624 3324 ut
1673 3257 2028 3325 comoediae
2067 3257 2274 3323 simul
2327 3256 2679 3345 proposito

638 3364 1069 3455 respondeat,
1104 3370 1170 3433 et
1198 3366 1514 3453 quamvis
1531 3364 1874 3444 festivam,
1909 3363 2265 3432 decentem
2301 3369 2532 3431 tamen
2565 3384 2675 3431 sa-

637 3492 909 3540 crorum
932 3471 1231 3559 praebeat
1297 3471 1692 3560 imaginem.
1747 3472 1846 3537 Ita
1898 3470 2079 3560 apud
2138 3470 2669 3558 Aristophanem

643 3598 919 3667 quoque
944 3577 1118 3645 sicut
1157 3576 1338 3667 apud
1364 3578 1697 3647 Gallicum
1737 3580 1885 3667 ejus
1918 3578 2332 3646 imitatorem
2355 3584 2422 3645 et
2458 3598 2676 3646 aemu-

641 3688 811 3765 lum,
865 3685 1321 3753 Rabelaesium
1352 3684 1632 3765 scilicet,
1678 3684 2142 3754 diversissima
2189 3704 2478 3773 quaeque
2510 3704 2677 3752 con-

633 3794 1021 3881 J'unguntur
1054 3815 1069 3857 :
1110 3816 1143 3853 «
1172 3811 1308 3859 une
1346 3792 1605 3859 morale
1633 3792 1771 3860 fine
1811 3798 1880 3860 et
1917 3793 2321 3883 ingenieuse
2345 3811 2510 3861 avec
2542 3812 2679 3859 une

642 3898 785 3966 sale
816 3898 1207 3987 corruption
1243 3904 1295 3965 2.
1330 3924 1365 3961 >›
2249 3885 2253 3889 ’

702 4120 722 4155 ¹
766 4120 968 4179 rhum„
998 4100 1091 4169 '663
1118 4125 1165 4169 et
1192 4134 1296 4181 seq,
1326 4123 1399 4171 cf.
1434 4125 1522 4171 715
1552 4128 1725 4185 etseq.

709 4200 733 4235 ²
768 4203 839 4251 LA
866 4202 1115 4264 Batmtns,
1148 4204 1371 4261 caract„
1398 4205 1478 4252 ch.
1512 4207 1592 4262 1⁰³,
1625 4218 1676 4265 p.
1709 4208 1782 4253 19.
1813 4204 1962 4267 (Edit.
1996 4202 2289 4266 chassang.)
2315 4203 2320 4207 “
