3167 5125
1551 516 1837 577 ἡδί)-

771 646 1140 735 Postquam
1174 646 1517 733 sapientes
1566 644 1793 713 omnis
1842 643 2113 731 generis
2162 640 2425 709 tamdiu
2474 640 2709 711 elabo-

677 761 938 837 rarunt,
977 761 1052 821 ut
1093 751 1591 839 mythologiam
1632 752 1809 818 sicut
1834 770 1873 815 a
1900 748 2247 817 veteribus
2282 749 2505 837 poetis
2543 768 2707 816 con-

676 864 836 931 ficta
881 867 1047 939 erat,
1111 862 1388 927 inanem
1432 876 1587 927 esse
1614 865 1683 926 et
1720 855 2087 923 absurdam
2126 854 2705 942 demonstrarent,

675 976 794 1040 aut
822 985 872 1039 ὲν
905 981 1202 1049 ὑπονοίαις,
1239 967 1522 1054 physica
1573 964 1827 1031 divinis
1875 962 2255 1041 miscendo,
2302 962 2707 1049 interpreta-

678 1085 938 1154 rentur,
1003 1073 1496 1161 Aristophanes
1548 1072 2183 1159 interpretationem
2236 1089 2436 1137 suam
2484 1068 2702 1147 affert,

676 1204 812 1273 qua
863 1202 1002 1250 non
1085 1180 1370 1269 priscam
1441 1178 1651 1245 modo
1716 1178 2181 1265 theogeniam,
2254 1176 2340 1243 ab
2408 1177 2705 1245 Homero
2810 1193 2816 1200 ·

669 1291 1118 1360 constitutam
1152 1284 1723 1373 atque-Hesiodo,
1776 1284 1891 1351 sed
1937 1284 2385 1371 recentiorem
2436 1303 2707 1371 quoque

673 1398 924 1467 fabulis
963 1402 1031 1462 et
1085 1392 1416 1482 sapientia
1478 1394 1943 1471 commixtam,
2006 1392 2225 1479 qualis
2276 1391 2361 1459 ab
2410 1390 2706 1479 orphicis
2768 1383 2774 1389 ’

671 1502 1136 1594 progredienti
1175 1500 1422 1569 rationi
1464 1498 1979 1567 accommodata
2028 1498 2273 1573 fuerat,
2314 1498 2702 1567 divinorum

671 1610 1027 1679 scientiam
1081 1607 1571 1697 perstringeret
1610 1610 1657 1671 ¹.
1722 1606 2187 1684 PisthetaeruS,
2224 1606 2395 1675 alter
2428 1608 2703 1675 Prome·

675 1718 902 1795 theuS,
932 1716 1117 1783 Jovis
1147 1732 1360 1802 regno
1395 1714 1743 1781 ominatur
1782 1713 2139 1781 interitum
2153 1737 2171 1792 ;
2224 1714 2453 1783 avium
2484 1734 2703 1802 genus

665 1824 757 1891 ab
806 1823 1068 1911 origine
1116 1830 1508 1909 temporum
1561 1838 1887 1907 regnasse
1916 1820 1987 1885 in
2024 1820 2287 1887 mundo
2316 1820 2697 1907 profitetur,

670 1930 968 2008 Saturni,
1007 1930 1326 1995 Titanum
1357 1934 1428 1996 et
1473 1928 1695 1995 Terrae
1742 1926 2147 2013 antiquius;‚
2186 1930 2379 2016 cujus
2410 1930 2703 2016 majores

673 2038 942 2127 ignavia
970 2038 1348 2105 amiserunt
1373 2034 1834 2122 tyrannidem,
1862 2055 2047 2103 nunc
2072 2035 2471 2105 Pisthetaero
2500 2036 2695 2113 duce,

670 2147 898 2233 ipsum
949 2149 1056 2211 est
1109 2148 1697 2230 recuperaturum.
1760 2142 1921 2209 Tam
1967 2143 2221 2209 versuti
2276 2145 2563 2211 oratoris
2594 2146 2700 2211 in-

669 2253 1036 2318 flammatae
1087 2249 1426 2327 facundia,
1471 2255 1728 2335 quanto
1765 2248 2004 2335 plausu
2056 2268 2219 2317 aves
2261 2250 2509 2318 futurae
2566 2273 2699 2317 ma·

663 2358 929 2447 jestatis
959 2356 1300 2445 accipiunt
1339 2358 1582 2423 omen!
1645 2355 1905 2431 Quanta
1942 2356 2287 2425 alacritate
2326 2359 2695 2437 celebrant,

669 2486 823 2552 quae
862 2467 1006 2553 jam
1053 2484 1195 2531 non
1230 2462 1562 2531 adversus
1595 2462 1953 2530 Homerica
1986 2464 2251 2551 placita,
2288 2466 2595 2535 obsoleta
2632 2474 2701 2536 et

669 2573 988 2651 absurda,
1025 2573 1144 2641 sed
1179 2573 1248 2639 in
1281 2572 1748 2660 Pythagoreos
1800 2571 2010 2658 ipSOS,
2057 2573 2317 2640 ratione
2359 2574 2698 2661 mytholo-

670 2680 853 2767 giam
881 2678 1326 2768 explicantes,
1355 2698 1478 2766 per
1499 2681 1693 2767 jocos
1714 2685 2279 2765 argumentantur
2300 2689 2369 2749 et
2391 2682 2699 2750 victrices

671 2787 739 2851 in
775 2805 1077 2872 pugnam
1119 2785 1500 2872 procedunt
1535 2788 1593 2850 2!
1640 2783 1809 2861 Quid
1854 2793 2142 2873 prosunt
2171 2794 2439 2856 veteres
2469 2790 2566 2856 illi
2605 2789 2696 2856 dii

665 2901 774 2959 ἄνω
793 2903 1159 2980 σεμνυνόμενοι
1175 2890 1540 2959 hominum
1557 2897 1625 2960 et
1641 2893 1914 2958 animan
1924 2894 2092 2959 tium
2109 2895 2343 2981 generi
2357 2900 2381 2943 ³
2398 2902 2423 2962 ἲ
2439 2897 2691 2975 QualiS,

667 3017 790 3086 pro
819 2998 1050 3063 avium
1079 3004 1434 3086 potestate,
1467 2999 1654 3066 Jovis
1685 2998 1798 3065 illa
1846 2999 2151 3068 fastuosa
2207 3004 2534 3090 potentia,
2564 3007 2689 3072 Ce-

667 3105 956 3171 reris-ne
1010 3122 1258 3192 panem
1305 3103 1589 3192 quidem
1630 3105 2091 3174 esurientibus
2124 3107 2353 3195 largiri
2400 3110 2691 3177 valentis

668 3211 1160 3290 munificentia,
1217 3211 1550 3298 Apollinis
1593 3210 1952 3289 medicina,
2016 3215 2357 3296 Minervae,
2414 3216 2689 3285 feminae

668 3319 971 3385 virorum
1022 3317 1171 3384 urbi
1227 3318 1652 3406 imperantis,
1711 3318 2085 3387 fortitudo?
2135 3322 2481 3390 Condatur
2518 3326 2694 3392 inter

665 3424 917 3492 coelum
965 3431 1350 3511 terramque
1397 3427 1630 3492 avium
1673 3427 1935 3506 civitaS‚
1970 3427 2439 3510 Nubicuculia,
2470 3453 2625 3519 quae
2656 3453 2695 3499 a

667 3529 907 3597 nidore
939 3529 1366 3598 victimarum
1397 3553 1685 3620 superos
1717 3533 2099 3622 intercipiat
2132 3543 2201 3604 et
2228 3536 2409 3607 fame
2458 3535 2695 3606 enecet

667 3637 885 3704 Melia.
931 3636 1103 3713 Quin
1157 3637 1296 3705 imo
1344 3631 1839 3726 prohibeantur
1898 3639 1990 3706 dii
2036 3662 2124 3710 ne
2171 3662 2291 3731 per
2324 3650 2537 3712 terras
2586 3666 2694 3713 va-

665 3748 915 3832 gentur
943 3744 1268 3812 mortales
1307 3745 1601 3814 feminas
1632 3748 2025 3835 stupraturi,
2064 3756 2131 3816 et
2169 3751 2344 3818 sicut
2381 3753 2591 3820 Graeci
2620 3754 2693 3822 in

727 4013 745 4047 ¹
781 4012 886 4071 Au„
926 4010 1019 4058 467
1043 4015 1090 4058 et
1111 4025 1215 4070 seq.
1239 4012 1387 4070 1hid.‚
1419 4015 1536 4061 1565
1567 4018 1616 4061 et
1643 4027 1745 4074 seq.

726 4089 750 4125 ²
785 4093 896 4140 vid.
927 4093 1078 4148 infra,
1108 4105 1215 4154 cap.
1255 4094 1332 4140 IV.

727 4169 750 4204 3
783 4173 927 4228 Ιὺί(1.,
957 4175 1066 4228 727,
1098 4177 1204 4229 58¹,
1241 4173 1347 4232 584,
1378 4178 1485 4222 829.
