3167 5125
1584 470 1833 523 ...4-

694 591 1054 663 comoediae
1079 592 1350 683 legibus
1378 594 1755 664 concedere
1774 594 2047 685 jubent,
2086 603 2154 665 et
2182 611 2457 687 ἀμούσους
2486 600 2723 689 appel-

691 701 838 772 lent
869 721 990 771 eos
1013 702 1132 791 qui
1157 708 1450 771 austerae
1474 700 1831 797 sapientiae
1850 701 2157 784 nomine,
2176 704 2351 792 jocis
2376 705 2725 773 intentant

695 808 1219 897 inquisitionem
1247 827 1621 887 morosam,
1666 806 2299 899 philosophumque
2330 812 2715 900 requirunt,

690 915 809 984 ubi
830 924 1200 1005 τρυγοδαίμωυ
1227 915 1420 983 solus
1439 916 1510 983 in
1531 921 1979 1004 conspectum
2002 918 2221 985 voluit
2240 917 2537 1007 prodire.
2560 920 2721 997 Quae

689 1020 1087 1111 disputatio,
1123 1022 1181 1090 si
1207 1022 1412 1090 altius
1436 1042 1590 1090 eam
1618 1029 1927 1112 repetere
1955 1023 2275 1105 velimuS,
2305 1046 2545 1093 eorum
2568 1041 2723 1093 esse

687 1129 864 1197 solet
906 1129 1381 1225 quiquaerunt·
1418 1135 1651 1196 utrum
1704 1129 2101 1198 liberalibus
2160 1132 2421 1200 artibus
2483 1131 2715 1200 delec-

659 1228 850 1303 tatio
879 1239 1149 1303 tantum
1179 1235 1536 1319 oculorum
1575 1241 1644 1303 et
1672 1224 2071 1304 animorum⁴
2098 1239 2547 1327 proponenda
2598 1240 2711 1320 sit,
2803 1282 2811 1288 -

687 1341 1002 1431 neglecta
1042 1362 1316 1411 morum
1367 1342 1853 1411 emendatione
1900 1365 2055 1432 quae
2112 1367 2269 1412 cum
2324 1344 2715 1414 divinorum

683 1455 998 1538 respectu
1028 1450 1776 1535 arctissimebcohaerem
1807 1469 1895 1517 an
1920 1457 2157 1519 contra
2190 1459 2405 1535 vateS,
2438 1454 2709 1533 musici,

683 1556 1003 1646 pictores,
1040 1556 1384 1644 ceterique
1421 1556 1584 1625 culti
1630 1556 1753 1625 viri
1796 1560 1912 1644 qui
1957 1558 2029 1625 in
2084 1558 2477 1649 effingenda
2522 1559 2714 1627 ador-

681 1662 1046 1753 nandaque
1077 1665 1367 1761 naturali
1396 1662 1902 1753 pulchritudine
1941 1685 2215 1753 operam
2259 1673 2703 1745 consumunt,

684 1770 863 1841 hanc
891 1777 1053 1839 ante
1089 1791 1334 1840 omnes
1364 1772 1587 1861 legem
1628 1770 1825 1859 sequi
1864 1771 2187 1853 debeant,
2230 1780 2303 1840 111
2346 1774 2708 1863 sapientia,

682 1879 1132 1960 humanitate,
1186 1879 1460 1959 virtute,
1515 1878 1881 1947 hominum
1928 1887 2199 1948 mentes
2252 1882 2599 1948 instruant
2646 1888 2713 1948 et

679 1986 1026 2076 propriam
1052 2008 1196 2055 suae
1218 1987 1381 2055 artis
1409 1986 1549 2054 vim
1573 1985 1663 2053 ad
1688 1985 2074 2080 docendam
2103 1970 2172 2057 et
2197 1988 2707 2055 informandam

679 2100 950 2162 vertant-
977 2094 1458 2183 imperitorum
1487 2091 2029 2161 multitudinem.
2067 2096 2283 2163 Litem
2318 2096 2496 2163 113116
2528 2116 2710 2183 saepe

669 2202 818 2291 jam
843 2200 1029 2290 apud
1069 2201 1480 2270 recentiores
1520 2198 1999 2289 disjudicatam
2038 2208 2105 2270 et
2152 2222 2425 2291 semper
2472 2221 2705 2270 renas-

679 2315 974 2390 centem,
1019 2329 1160 2376 non
1193 2308 1302 2376 hic
1332 2308 1526 2377 locus
1555 2313 1663 2377 est
1694 2328 1779 2376 ex
1810 2309 1997 2376 omni
2031 2316 2223 2397 parte
2252 2330 2491 2376 rursus
2514 2308 2703 2397 311111-

678 2414 872 2483 cibus
900 2413 1328 2484 submittere.
1364 2416 1756 2504 Antiquitas
1798 2416 1987 2484 enim
2022 2416 2249 2483 omnis
2274 2469 2291 2497 ,
2349 2416 2474 2488 etsi
2528 2434 2709 2503 saepe

675 2522 900 2614 reipsa
965 2543 1192 2594 mores
1267 2524 1809 2614 religionemque
1856 2544 1895 2592 a
1951 2524 2199 2593 litteris
2254 2527 2460 2612 atque
2508 2521 2708 2589 bonis

677 2630 941 2699 artibus
967 2631 1290 2721 sejunxit,
1319 2630 1529 2699 verbo
1551 2631 1797 2700 saltem
1819 2621 2177 2719 nunquam
2199 2629 2416 2699 voluit
2442 2628 2700 2696 divelli.

767 2737 1279 2807 consuetudine
1330 2737 1631 2827 quadam
1700 2738 2079 2828 antiquitus
2134 2735 2381 2804 tradita
2427 2741 2497 2805 et
2542 2737 2709 2803 sim-

676 2845 834 2935 plici
864 2846 1245 2934 priscorum
1272 2846 1645 2914 hominum
1668 2847 1942 2934 pietate,
1980 2846 2203 2935 poetis
2225 2844 2407 2933 apud
2440 2845 2710 2912 Graecos

677 2973 818 3020 non
890 2950 1274 3021 delectandi
1352 2956 1624 3021 1311111111
1694 2974 1949 3022 munus
2019 2951 2515 3031 mandabatur,
2578 2948 2703 3019 sed

677 3059 884 3126 etiam
913 3064 1119 3147 atque
1141 3059 1479 3147 praecipue
1509 3059 1596 3128 de
1625 3059 1877 3128 divinis
1908 3059 2371 3148 humanisque
2408 3056 2702 3127 docendi

675 3166 1012 3256 populum
1063 3171 1134 3235 et
1171 3166 1258 3234 ad
1303 3173 1560 3235 rectam
1603 3167 1814 3238 vitam
1846 3164 2285 3235 informandi.
2322 3163 2518 3243 Quod
2565 3163 2705 3231 offi-

675 3275 855 3342 cium
887 3295 1009 3364 pro
1039 3294 1162 3343 sua
1199 3274 1377 3344 virili
1409 3280 1601 3365 parte
1638 3277 2015 3356 Homerus,
2058 3272 2575 3360 Hesiodusque,
2611 3291 2702 3339 ne

677 3379 764 3450 de
793 3383 1045 3451 Musaeo
1079 3385 1147 3450 et
1173 3383 1444 3472 Orpheo
1475 3383 1965 3451 commentitiis
1986 3381 2257 3450 vatibus
2283 3380 2545 3467 loquar,
2578 3379 2725 3444 im:

674 3488 974 3578 plevisse
1016 3487 1439 3571 dicebantur,
1496 3497 1701 3579 atque
1762 3505 1871 3558 ex·
1894 3509 1975 3557 eo
2037 3489 2413 3578 praecipuas
2460 3485 2701 3554 laudes

676 3594 1055 3664 merebant.
1115 3594 1375 3663 Deinde
1424 3596 1695 3686 publica
1741 3597 1973 3686 legum
2019 3597 2418 3665 auctoritate
2466 3594 2699 3682 provi-

675 3723 834 3772 sum
870 3708 978 3771 est
1005 3706 1083 3770 ut
1121 3707 1342 3789 poetae
1372 3722 1616 3772 omnes
1649 3705 1926 3772 illorum
1957 3705 2356 3772 insisterent
2390 3701 2696 3789 vestigiis

677 3816 746 3878 et
773 3829 916 3877 non
962 3808 1221 3897 ingenii
1249 3812 1522 3876 tantum
1565 3809 1691 3878 sed
1729 3811 2083 3901 sapientiae
2114 3809 2586 3880 haereditatem
2631 3808 2701 3874 111

677 3917 930 3985 Graecia
957 3916 1386 4004 susciperent
1423 3919 1472 3983 ¹.
1523 3921 1527 3926 ’

735 4145 756 4183 ¹
803 4149 1042 4206 muno„
1073 4147 1130 4195 in
1159 4149 1398 4208 uoco-at„
1427 4151 1534 4199 102.
1565 4152 1809 4213 uocum,
1844 4151 1893 4209 4,
1930 4155 2034 4201 159.
