3167 5125
1336 460 1658 518 -wv—

478 588 763 656 unm
786 585 1174 656 Tanfflnsx
1202 590 1335 656 etc.
1366 613 1401 648 »
1434 587 1598 666 011ae
1623 585 1685 654 si
1711 585 2064 658 neminem
2088 585 2318 654 Romae
2347 588 2512 654 tunc

480 699 767 776 tentent,
796 712 885 762 ex
909 693 1001 764 iis
1036 699 1163 780 qui
1186 699 1472 779 physica
1494 699 1909 774 didiceram,
1957 692 2128 762 haut
2164 690 2284 762 diu
2317 695 2510 782 post-

480 819 691 889 quam
716 819 761 870 a
786 801 1235 892 Pythagoreis
1258 801 1541 872 inventa
1562 801 1858 882 fuerant,
1886 799 2176 870 Athenis
2191 799 2337 890 jam
2359 797 2510 868 des-

482 907 759 978 titerant
786 907 1039 978 timeri.
1452 977 1457 982 ,
1727 967 1732 975 ,

570 1014 787 1084 Multo
839 1013 1147 1084 acerbior
1204 1021 1311 1084 est
1376 1015 1561 1106 apud
1607 1015 2137 1106 Aristophanem
2189 1015 2340 1105 ejus
2393 1033 2506 1082 sa-

480 1121 757 1212 pientiae
794 1121 1019 1190 irrisio
1038 1141 1191 1212 quae
1221 1142 1361 1192 non
1390 1121 1592 1191 novis
1619 1120 2060 1212 dogmatibus
2085 1121 2506 1190 homericam

480 1229 883 1318 religionem
936 1229 1309 1318 locupletat
1346 1235 1415 1298 et
1456 1227 1756 1318 corrigit,
1792 1223 1916 1296 sed
1967 1226 2282 1298 funditus
2313 1247 2500 1298 ever·

480 1342 625 1406 tore
678 1335 1076 1426 aggreditur
1106 1359 1127 1416 ;
1152 1355 1315 1406 cum
1358 1354 1494 1424 qua
1526 1341 1758 1404 tamen
1809 1355 1954 1404 non
2003 1334 2075 1402 in
2119 1353 2201 1403 eo
2237 1339 2506 1402 tantum

477 1443 826 1512 consentit.
868 1442 1059 1532 quod
1109 1441 1417 1510 ridiculis
1482 1440 1748 1511 facetiis
1813 1440 2264 1512 deformando
2319 1462 2510 1512 sacra

476 1551 861 1639 antiquitus
888 1549 1159 1633 tradita,
1192 1547 1407 1618 fldem
1456 1548 1788 1639 paulatim
1835 1547 2098 1620 eximit'
2123 1548 2498 1630 mentibus,
2633 1555 2642 1561 '

476 1656 599 1728 sed
628 1657 812 1746 quod
838 1656 1159 1746 quaedam
1188 1677 1272 1727 ex
1304 1657 1455 1747 ejus
1484 1655 1572 1724 de
1615 1655 1876 1724 divinis
1910 1656 2154 1746 placita
2207 1677 2332 1748 pro
2359 1656 2504 1732 suis

474 1783 619 1832 non
664 1761 935 1834 dubitat
961 1783 1341 1834 assumere.
1384 1764 1480 1834 De
1516 1783 1657 1852 quo
1707 1762 1988 1834 uberius
2013 1761 2502 1834 disserendum

476 1877 609 1942 est.

1425 2185 1551 2250 §2

562 2442 656 2511 Ex
682 2463 819 2532 quo
852 2445 1312 2532 Anaxagorae,
1347 2441 1737 2510 lonicorum
1767 2443 2081 2511 omniurn
2111 2445 2320 2512 armis
2352 2445 2499 2514 ins-

474 2554 759 2632 tructuS,
795 2548 1225 2619 subtiliorem
1253 2548 1624 2639 quamdam
1643 2549 1736 2619 de
1760 2549 2004 2619 mundi
2033 2550 2274 2623 ordine
2291 2558 2497 2642 atque

472 2656 739 2747 legibus
768 2656 1152 2725 doctrinam
1182 2657 1488 2726 Athenas
1535 2658 1768 2725 attulit
1807 2662 1876 2727 et
1907 2678 2049 2727 non
2080 2658 2269 2727 inani
2321 2658 2496 2728 fato—

474 2786 625 2833 rum
650 2770 987 2855 potestate
1017 2763 1141 2833 sed
1164 2765 1573 2834 immutabili
1604 2766 1869 2836 ratione
1904 2767 2138 2835 omnia
2161 2768 2499 2837 contineri

468 2872 723 2952 docuit,
746 2870 1219 2941 adolescentes
1250 2872 1813 2963 ingeniosissimi,
1850 2874 2162 2942 novitate·
2179 2879 2249 2943 et
2277 2874 2500 2965 digni-

442 2984 609 3048 ·tate
649 2986 859 3047 tantae
890 2979 1097 3069 hujus
1122 2978 1503 3069 disciplinae
1536 2980 1784 3060 allecti,
1821 2986 2091 3050 veteres
2115 2981 2380 3050 fabulas
2413 2982 2502 3053 de

470 3084 600 3153 diis
623 3091 829 3175 atque
879 3105 1110 3154 rerum
1157 3092 1403 3154 natura
1452 3091 1868 3176 respuerunt
1913 3094 1984 3155 et
2047 3087 2136 3155 de
2189 3088 2500 3157 archaice

472 3192 809 3283 sapientia
860 3212 1017 3261 cum
1074 3197 1478 3283 contemptu
1527 3200 1886 3284 coeperunt
1939 3194 2152 3284 loqui.
2182 3194 2370 3263 Tunc
2399 3214 2502 3263 sa-

468 3300 785 3370 cerdotes
812 3319 1107 3389 quorum
1138 3300 1525 3369 auctoritati
1554 3299 1996 3391 philosophia
2025 3299 2166 3368 ibat
2195 3300 2495 3381 obviam,

468 3405 912 3495 magistratus
946 3406 1145 3473 senili
1185 3406 1551 3496 prudentia
1580 3412 1650 3476 et
1685 3405 2078 3497 reipublicae
2123 3426 2284 3475 cura
2307 3409 2494 3488 elati,

328 3570 335 3575 .
464 3512 781 3602 quisquis
818 3512 1110 3603 Athenis
1134 3514 1499 3602 praeteritae
1530 3514 1751 3581 aetatis
1789 3532 2047 3595 moreS,
2094 3522 2196 3583 tot
2223 3514 2500 3585 illustri-

460 3620 591 3689 bus
618 3618 1571 3710 comprobatqsfacinoribus,
1623 3620 2087 3703 reverebatur,
2113 3621 2496 3711 periculum

458 3728 723 3797 instare
779 3717 1036 3824 civitati
1062 3722 1183 3806 {et'
1219 3726 1656 3818 disciplinam
1714 3734 2018 3798 veterem
2081 3729 2290 3799 simul
2341 3751 2496 3799 cum

458 3834 593 3903 diis
651 3836 724 3902 in
796 3820 1273 3903 discriminen'
1310 3836 1535 3904 vocari
1608 3836 2100 3907 intellexerunt
2138 3841 2186 3906 ¹.
2232 3840 2498 3907 Horum

467 3940 719 4011 studiis
750 3942 1283 4033 praevalentibus
1312 3942 1554 4031 pulsus
1587 3950 1698 4013 est
1745 3946 2186 4035 Anaxagoras
2218 3966 2356 4035 quo
2394 3946 2497 4015 fa-

522 4155 540 4189 ¹
570 4156 647 4205 Cf.
674 4157 917 4216 cunnus,
953 4158 1147 4207 erioch.
1184 4156 1475 4216 Gmkt'choe,
1510 4152 1594 4217 ΠΙ,
1630 4162 1740 4210 108.
1769 4160 1958 4224 (iners,
1997 4176 2080 4225 op.
2113 4161 2218 4219 cit„
2248 4163 2355 4220 xa,
2387 4162 2502 4211 242·
