3167 5125
1571 515 1849 571 -72-

699 668 895 717 mum
921 646 994 713 in
1059 642 1347 713 thriasio
1370 661 1613 732 campo
1647 640 2063 709 aedificatum
2112 640 2456 731 templum
2482 639 2733 707 initiati

700 755 1014 826 solebant
1043 771 1392 843 peragere,
1416 751 1559 840 jam
1577 754 2100 840 vesperascente
2122 749 2207 817 ab
2237 749 2497 817 urbano
2530 748 2731 817 Eleu-

701 863 877 933 sinio
913 862 1444 951 proficiscenteS,
1477 858 1569 925 ita
1625 864 1696 925 ut
1724 864 1879 947 post
1908 864 2181 927 noctem
2227 858 2566 947 inceptam
2608 878 2732 947 pe—

699 969 986 1039 netralia
1012 970 1160 1057 ipsa
1179 966 1438 1035 Cereris
1468 965 1741 1033 adirent
1776 970 1825 1032 ¹.
1874 964 2251 1033 Fastidium
2308 971 2376 1033 et
2426 965 2730 1034 laborem

702 1077 873 1145 tanti
902 1075 1168 1143 itineris
1228 1078 1304 1140 ut
1351 1072 1673 1153 lenirent,
1726 1073 1813 1140 ad
1862 1074 2134 1163 Cephisi
2167 1079 2448 1164 pontem
2486 1072 2730 1141 initiati

705 1184 816 1253 vel
866 1184 1042 1251 inter
1084 1200 1159 1249 se
1205 1181 1318 1250 vel
1365 1200 1520 1247 cum
1565 1180 1867 1269 profanis
1915 1201 2238 1271 pompam
2288 1181 2729 1271 inspectanti-

703 1294 834 1361 bus
891 1290 1360 1359 cavillationes
1415 1286 1736 1355 serebant
1790 1289 2017 1356 omnis
2069 1290 2365 1378 generis,
2402 1288 2648 1377 quibus
2692 1309 2733 1355 a

701 1415 897 1490 γεφύρᾳ
947 1418 1201 1467 nomen
1257 1416 1578 1487 γεφυρισμῶν
1629 1396 1925 1465 inditum
1980 1406 2105 1467 est.
2166 1400 2420 1489 Pompa
2469 1398 2585 1465 illa
2613 1416 2735 1487 per

703 1508 885 1576 viam
949 1509 1216 1575 Sacram
1272 1522 1478 1594 quam
1521 1506 1905 1593 magnificis
1958 1507 2424 1574 continuatam
2468 1505 2733 1573 aedibus

703 1616 1072 1705 scriptores
1123 1612 1405 1681 tradunt
1435 1614 1489 1691 2,
1544 1611 1963 1681 solemnium
2016 1612 2521 1681 Eleusiniorum
2574 1632 2733 1701 pars

704 1722 1044 1812 praecipua
1104 1726 1247 1787 erat
1299 1726 1367 1788 et
1413 1718 1841 1787 multitudini
1911 1720 2163 1787 civium
2236 1718 2726 1807 hospitumque

704 1828 1129 1920 gratissima,
1193 1835 1342 1896 tum
1391 1832 1673 1918 propter
1726 1835 2127 1917 apparatum
2176 1826 2617 1916 splendidum
2664 1834 2733 1897 et

704 1943 1113 2029 sumptuosa
1159 1942 1611 2016 ornamenta,
1642 1957 1859 2026 quum
1919 1937 2077 2025 quia
2119 1937 2441 2005 omnibus
2483 1936 2732 2005 licebat

705 2046 1042 2113 interesse
1087 2044 1513 2133 spectaculO,
1587 2049 1655 2111 et
1702 2042 1851 2113 dies
1899 2044 2015 2111 ille
2072 2043 2395 2112 feriarum
2452 2043 2734 2112 ultimus

709 2160 876 2225 erat.

797 2262 1071 2331 Peracta
1097 2282 1374 2351 pompa,
1425 2278 1763 2351 τιλεστέριον,
1803 2262 2153 2350 penetrale
2192 2261 2447 2330 scilicet
2486 2261 2735 2331 Eleusi-

714 2369 1440 2457 niorum-numinum,
1504 2371 1788 2441 initiatis
1849 2369 2315 2451 reserabatur,
2391 2370 2505 2438 ubi
2560 2372 2737 2441 inter

709 2488 1054 2568 παννυχίδας
1089 2482 1141 2562 3,
1184 2499 1428 2550 arcana
1462 2478 1693 2550 omnia
1740 2478 1882 2547 Sive
1914 2492 2162 2568 λεγόμενα
2193 2477 2337 2546 Sive
2365 2490 2602 2570 δρώμενα
2648 2480 2735 2568 acl

709 2588 970 2656 cultum
1013 2580 1426 2677 pertinentia
1457 2611 1494 2656 a
1547 2586 2017 2656 sacerdotibus
2076 2596 2421 2676 (ἱεροφάνται,
2452 2599 2733 2675 δαδοῡχοι,

591 2707 600 2712 ’
707 2711 926 2793 κήρυκες
951 2695 1505 2783 nominabantur)
1545 2697 1573 2742 4
1604 2694 1867 2783 vulgari
1917 2693 2255 2763 solebant.
2290 2695 2430 2762 Etsi
2465 2703 2740 2784 propter

713 2800 1065 2868 silentium
1093 2801 1376 2870 initiatis
1406 2803 1765 2890 utriusque
1796 2800 2055 2869 ordinis
2086 2811 2329 2892 (μύσται,
2362 2812 2611 2893 ἑποπταὶ)
2642 2803 2739 2869 in-

711 2907 998 2988 dictum,
1033 2926 1246 2996 pauca
1279 2914 1548 2978 tantum
1592 2915 2003 2999 pernotuere
2044 2931 2199 2998 quae
2234 2909 2319 2978 de
2374 2909 2575 2978 dictis
2604 2909 2738 2978 fac-

713 3014 935 3102 tisque
960 3014 1094 3082 illis
1129 3036 1257 3084 nos
1282 3016 1607 3086 certiores
1638 3017 1965 3096 facerent,
2003 3022 2271 3084 constat
2302 3023 2530 3086 tamen
2560 3037 2599 3086 a
2630 3039 2737 3086 sa-

709 3121 1102 3190 cerdotibus
1132 3123 1438 3192 fabulam
1459 3124 1719 3193 Cereris
1752 3124 1857 3191 cui
1892 3124 2032 3191 filia
2074 3126 2480 3213 Proserpina
2511 3131 2741 3214 erepta

712 3230 1012 3318 primum
1063 3229 1317 3299 deinde
1365 3237 1762 3320 recuperata
1822 3238 1952 3310 est,
2006 3251 2146 3300 non
2196 3231 2420 3299 solum
2476 3251 2739 3300 sermo-

713 3335 920 3404 nibus
951 3337 1074 3406 sed
1117 3337 1498 3407 imitatione
1527 3336 1825 3427 quadam
1873 3338 2195 3426 praesenti
2228 3338 2440 3408 fuisse
2470 3361 2742 3428 expres-

772 3549 790 3583 ¹
829 3553 882 3599 V.
929 3554 1179 3614 PRELLER,
1227 3552 1370 3611 ibid„
1409 3557 1494 3614 98,
1538 3554 1628 3614 qui
1674 3554 1954 3602 testimonia
2005 3556 2161 3602 multa
2208 3557 2361 3604 affert.
2404 3558 2741 3614 Hanrocnar„

714 3646 763 3678 v.
797 3632 906 3696 ἱερὰ
934 3633 1062 3688 ὁδός.
1090 3635 1329 3689 Pansam,
1357 3637 1395 3688 Ι,
1425 3638 1599 3682 36-38.

771 3709 796 3744 ²
827 3715 1080 3769 Pom-mou,
1115 3713 1384 3772 Pei-iegotes
1413 3716 1590 3771 (licina,
1624 3716 1766 3762 initio
1798 3716 2003 3763 secundi
2032 3721 2145 3763 ante
2176 3718 2289 3764 Chr.
2322 3720 2495 3766 saeculi
2528 3721 2587 3766 dc
2628 3733 2741 3767 rna-

712 3794 912 3853 gnificis
955 3793 1148 3842 aedibus
1201 3794 1334 3840 viam
1389 3808 1580 3842 sacram
1640 3797 1994 3845 exornantibus
2034 3797 2231 3912 scripsit
2274 3799 2499 3846 libellum
2538 3818 2550 3847 ε
2602 3802 2745 3859 cujus

710 3875 887 3934 fragm.
917 3874 1118 3934 collegit
1139 3875 1381 3930 PRELLER
1411 3876 1563 3934 Lisia„
1595 3880 1732 3925 1838.

772 3951 796 3988 ⁸
829 3956 896 4001 De
924 3954 1203 4014 pervigiliis
1236 3953 1355 4012 illis,
1386 3969 1437 4002 v.
1477 3957 1675 4012 Senon,
1712 3958 1960 4018 Aristoph.
1995 3961 2141 4018 Rau„
2176 3962 2284 4008 333.
2319 3963 2463 4017 Ram,
2492 3964 2601 4018 370,
2633 3962 2740 4011 446.

712 4035 882 4091 Sora„
911 4035 1032 4082 OEd.
1061 4032 1182 4090 Col„
1215 4035 1350 4084 1045.
1381 4039 1577 4094 Eumr,
1612 4041 1743 4094 Ion„
1779 4043 1894 4087 1075
1926 4046 2102 4100 etseq.

773 4111 796 4146 ⁴
832 4115 941 4162 Vid.
975 4117 1240 4163 formulam
1272 4117 1571 4179 εἰσαγγελίας
1601 4131 1701 4176 qua
1729 4120 2027 4182 Alcibiades,
2058 4123 2407 4182 mysteriorum
2439 4125 2739 4185 profanator,

713 4194 767 4243 in
793 4194 1040 4255 judicium
1067 4199 1139 4246 est
1164 4199 1382 4254 vocatu5‚
1409 4199 1542 4258 apud
1567 4201 1872 4257 Paurancn„
1898 4199 2023 4260 Alo„
2051 4205 2129 4253 22.
