3167 5125
1591 464 1914 526 ...οι-

827 595 1335 695 Aristophanes
1353 599 1541 670 enim
1560 596 1830 665 deridet
1857 595 2306 664 Acherusiam
2337 590 2675 683 paludem'
2703 597 2762 674 ¹,

738 731 923 806 λίμνην
955 726 1259 804 μεγάλην...
1293 723 1437 780 πάνυ
1469 716 1731 789 &eveno-v,
1766 710 1835 774 θῐ
1864 703 2264 792 portitorem
2295 701 2471 780 Orci,
2497 701 2772 770 duobus

736 821 959 890 obolis
987 818 1309 908 acceptis,
1344 814 1608 884 animas
1630 809 2198 880 transvehentem
2221 832 2240 889 ;
2264 814 2574 877 monstra
2593 829 2773 897 quo-

736 948 875 1018 que
917 923 1261 995 horrenda
1307 928 1377 992 et
1428 917 1769 990 terribiles
1831 916 1983 986 visu
2042 915 2324 995 formas,
2368 934 2658 1003 quarum
2698 916 2772 982 in

738 1032 1256 1103 enumeratione
1308 1028 1644 1119 plurimus
1686 1023 1818 1091 fuit
1871 1021 2322 1111 Empedocles
2358 1025 2410 1102 2,
2455 1021 2527 1088 in
2563 1021 2770 1090 ⁴infe-

739 1161 972 1210 rorum
1034 1137 1224 1206 aditu
1284 1135 1569 1226 positaS,
1625 1134 1928 1200 immane
1969 1128 2268 1218 denique
2335 1128 2765 1209 barathrum,-

736 1252 994 1329 βόρὸορον
1032 1251 1199 1306 πολὺν
1225 1250 1316 1304 καὶ
1352 1231 1495 1324 σκῶῤ
1523 1246 1725 1332 ἄιε-ἔνων,
1784 1257 1920 1326 quo
1989 1236 2480 1306 sceleratorum
2530 1255 2772 1305 manes

739 1345 1259 1434 demerguntur.
1293 1341 1477 1408 Nihil
1511 1343 1648 1410 nisi
1695 1342 1912 1412 risum
1943 1349 2252 1422 movent,
2289 1362 2416 1412 nec
2445 1343 2612 1410 satis
2637 1343 2771 1408 mi-

742 1473 892 1521 rum
928 1449 1273 1520 videbitur
1296 1450 1445 1517 haec
1471 1450 1632 1518 talia
1655 1449 2015 1519 comoediae
2047 1449 2354 1538 potuisse
2375 1449 2584 1518 inseri
2617 1461 2772 1538 pro-

742 1559 985 1648 posit0,
1017 1577 1170 1645 quaa
1198 1557 1516 1626 Heracles
1550 1563 1626 1625 ut
1656 1557 1930 1626 fratrem
1956 1562 2352 1646 perterreat,
2387 1556 2478 1624 de
2521 1557 2772 1646 impro-

739 1664 983 1733 borum
1023 1676 1253 1732 narrat
1280 1663 1677 1752 suppliciis;
1709 1684 1868 1732 nam
1915 1663 2362 1732 atrocissimis
2393 1663 2772 1732 sceleribus

742 1771 1042 1839 Morsimi
1084 1769 1318 1860 tragici
1372 1770 1520 1860 ipse
1566 1769 1926 1860 subjungit
2009 1770 2291 1860 frigidas
2337 1784 2540 1860 ρήστις,
2597 1772 2776 1838 Bac-

745 1878 1055 1966 chusque
1086 1877 1367 1946 Cinesiae
1408 1877 1829 1966 pyrrhicam.
1865 1876 2040 1954 Quid
2077 1875 2165 1945 de
2221 1877 2582 1946 Charontis
2619 1898 2774 1967 per-

750 2003 945 2062 sona,
990 2004 1269 2052 servum
1302 2003 1343 2050 a
1365 1983 1614 2072 cymba
1643 1984 1937 2052 arcentis
1967 1983 2154 2072 quod
2185 2004 2324 2051 non
2355 1982 2441 2052 ad
2480 1985 2776 2074 Arginu-

746 2111 856 2158 sas
896 2091 1365 2180 pugnavisset,
1404 2091 2040 2180 stomachantisque
2096 2091 2168 2157 in
2215 2091 2566 2160 Bacchum
2589 2089 2775 2180 quod

748 2197 1140 2265 ventriosus
1178 2216 1255 2266 ac
1282 2199 1476 2288 piger
1506 2217 1856 2266 remorum
1882 2197 2098 2266 labori
2125 2197 2449 2267 cederet?
2479 2200 2654 2277 Quid
2688 2199 2778 2268 de

746 2305 945 2372 AEaco
968 2303 1203 2394 judice
1230 2305 1347 2393 qui
1374 2304 1695 2373 servilem
1725 2303 1811 2370 ad
1858 2304 2326 2374 conditionem
2377 2305 2773 2395 depressus,

747 2411 1093 2491 conviciiS‚
1132 2411 1505 2479 stoliditate
1526 2417 1595 2479 et
1613 2410 2041 2499 impudentia.
2057 2433 2215 2480 cum
2234 2414 2530 2483 Xanthia
2557 2435 2776 2482 aemu-

755 2518 938 2587 latur
975 2525 1001 2588 ?
1721 2604 1726 2611 Ι

836 2628 961 2696 Fas
1000 2634 1144 2697 erat
1170 2628 1608 2721 Aristophani
1639 2630 1706 2695 in
1749 2628 2272 2697 immoderatam
2321 2631 2509 2697 illam
2543 2636 2778 2719 poeta-

754 2756 905 2802 rum
939 2734 1651 2824 philosophorumque
1689 2736 2044 2804 scientiam
2100 2736 2186 2804 de
2217 2737 2454 2805 inferis
2518 2736 2777 2815 invehi,

758 2842 873 2930 qui
925 2840 1011 2909 de
1066 2841 1320 2931 ignotis
1383 2841 1588 2911 rebus
1643 2843 2070 2911 somniantes
2117 2850 2186 2911 et
2215 2845 2583 2933 fingentes,
2615 2845 2786 2913 den-

764 2969 879 3015 sos
908 2949 1295 3015 conflarunt
1340 2948 1577 3030 libros,
1627 2969 1755 3017 nec
1811 2969 2084 3039 semper
2133 2952 2486 3019 intellectu
2519 2952 2776 3021 faciles,

752 3056 997 3124 Nonne
1030 3056 1291 3144 optime
1310 3055 1626 3123 Xanthiae
1656 3056 2100 3145 interroganti
2136 3057 2250 3125 uhi
2271 3058 2518 3125 herum
2549 3058 2638 3125 sit
2666 3079 2787 3147 op·

752 3168 1095 3252 perturus,
1131 3161 1397 3231 Charon
1420 3162 1796 3251 respondet
1826 3165 1853 3209 3
1887 3187 1900 3228 :

1597 3348 1758 3425 Παρὰ
1786 3348 1877 3402 τὸν
1909 3349 2138 3405 Αὑαίνου
2168 3350 2307 3403 λίθον

1149 3432 1251 3500 ἐπὶ
1284 3452 1407 3508 ταῖς
1438 3446 1804 3509 ἀναπαύλαις.

842 3676 1172 3743 rimenham
1229 3669 1668 3749 percontatur
1716 3664 2070 3745 Bacchus;
2125 3666 2234 3733 cui
2293 3666 2551 3735 comice
2597 3667 2783 3734 Xan-

756 3767 973 3834 thias:
2485 3786 2492 3791 “

816 3979 834 4015 ¹
874 3981 1019 4037 Itan„
1056 3982 1144 4027 137
1174 3985 1349 4039 etseq.

816 4060 841 4096 ⁸
873 4062 946 4111 Cf.
977 4064 1145 4117 Viae..
1175 4064 1289 4121 En„
1321 4064 1400 4121 VI,
1432 4066 1479 4119 8,
1510 4077 1628 4112 cum
1652 4066 1871 4115 adnotat.
1901 4068 2129 4116 Beuum-r.

816 4140 841 4178 ³
875 4144 1022 4201 Ran„
1053 4142 1159 4193 194.
