3167 5125
1253 475 1540 531 ..43-

776 636 821 715 S}
848 654 1203 735 δημοκρατία,
1235 664 1332 714 ποῖ
1367 657 1625 734 προὸιὸᾆς
1646 659 1790 733 ἡμᾶς
1818 674 1963 727 ποτε,

775 756 840 812 Εἰ
871 758 1084 812 τουτονί
1109 750 1160 830 γ’
1197 754 1608 833 ἐχειροτόνησαν
1641 754 1689 809 οἱ
1712 754 1851 824 Oto&

461 965 884 1034 Sententiam
916 965 1399 1054 interrogatuS,
1440 984 1528 1033 ne
1557 984 1776 1053 graece
1805 961 2086 1052 quidem
2130 982 2413 1051 respon·

373 1074 538 1143 dere
565 1073 766 1153 valet,
797 1073 888 1140 ita
919 1078 996 1139 ut
1033 1072 1360 1141 Hercules
1391 1070 1677 1139 barbare
1708 1070 2021 1139 sonantia
2053 1069 2259 1138 verba
2288 1090 2412 1159 pro

371 1202 663 1251 assensu
693 1181 913 1271 possit
944 1181 1246 1269 accipere
1285 1184 1354 1248 et
1387 1179 1736 1269 gulositati
1767 1200 1908 1247 suae
1945 1179 2169 1246 fauste
2197 1178 2410 1246 inter-

369 1289 650 1380 pretari.
702 1286 900 1356 Haud
935 1307 1132 1357 secus
1163 1294 1367 1377 atque
1400 1286 1678 1373 credula
1708 1286 1928 1376 plebS,
1975 1306 2189 1374 quum
2224 1284 2409 1352 anci-

368 1396 538 1486 pitia
591 1397 886 1476 oracula,
964 1415 1235 1463 necnon
1294 1393 1631 1463 absurdas
1690 1399 1759 1462 et
1815 1394 1964 1462 sine
2024 1392 2409 1482 significatu

370 1524 575 1572 voces
611 1503 698 1570 ad
737 1508 896 1571 vota
934 1521 1059 1570 sua
1089 1502 1422 1591 quadrare
1459 1502 1804 1572 existimat
1840 1506 1888 1568 1.

459 1612 729 1680 Festiva
808 1610 924 1677 illa
1005 1610 1349 1678 alacritate
1413 1615 1765 1699 corruptas
1836 1607 2408 1698 superstitionum

369 1718 648 1802 formas,
703 1717 787 1785 ab
828 1717 1141 1785 Asiaticis
1189 1717 1443 1785 civitati
1493 1720 1798 1786 invectas
1828 1717 2407 1807 perstringentem

370 1826 902 1915 Aristophanem
953 1844 1159 1893 nemo
1209 1824 1335 1891 erit
1389 1824 1504 1911 qui
1541 1830 1745 1914 neget
1777 1824 1941 1892 boni
1978 1824 2145 1892 civis
2185 1823 2407 1891 officio

371 1939 439 2000 et
487 1933 722 2021 patriae
774 1932 1083 2020 religioni
1134 1930 1542 1999 deditissimi
1590 1952 1741 2000 esse
1786 1933 2125 1999 functum.
2161 1932 2406 1998 Mirum

373 2038 698 2108 tamenin
725 2038 894 2106 urbe
934 2038 1023 2106 ob
1052 2048 1464 2129 δεισιδαιμονίαν
1508 2038 1947 2107 celeberrima
1995 2045 2114 2107 aut
2161 2038 2406 2107 iisdem

370 2146 502 2214 diis
552 2147 813 2214 cultum
853 2144 1224 2233 contigisse
1273 2146 1508 2235 legum
1555 2145 1957 2214 auctoritate
2003 2144 2404 2233 comproba·

371 2261 542 2332 tum,
597 2261 714 2321 aut
765 2260 904 2320 tam
959 2252 1243 2319 liberam
1299 2272 1659 2321 censuram
1723 2252 2128 2340 permissam
2190 2251 2405 2319 fuisse

367 2358 670 2428 comicis.
724 2342 916 2425 Unde
945 2356 1116 2425 illud
1159 2357 1401 2426 saltem
1431 2358 1750 2447 colligere
1777 2358 2030 2438 licebit,
2077 2359 2403 2427 virtutem

367 2467 556 2535 illam
611 2487 816 2554 quam
877 2470 1315 2533 tolerantiam
1391 2467 1863 2546 nominamus,
1931 2466 2404 2553 etsi-antiquo

367 2581 551 2643 caret
603 2574 960 2654 vocabulo,
1018 2595 1160 2642 non
1218 2574 1394 2642 male
1442 2574 1572 2641 sub
1618 2573 1821 2642 attico
1854 2574 2027 2643 coelo
2057 2575 2398 2649 floruisse,

367 2683 936 2771 quotiescumque
1018 2681 1532 2750 irreverentiam
1616 2700 1774 2770 erga
1844 2681 2011 2750 deos
2078 2701 2403 2770 sacraque

367 2789 689 2858 tuebatur
721 2790 883 2857 artis
921 2788 1126 2858 decor
1155 2794 1223 2856 et
1259 2807 1614 2856 musarum
1654 2789 2133 2878 patrocinium.

1315 3134 1442 3200 §3-

455 3377 747 3457 Leviter,
806 3383 874 3445 et
909 3375 996 3444 ad
1029 3377 1303 3444 anxiam
1350 3379 1801 3446 recentiorum
1845 3377 2247 3467 religionem
2280 3401 2401 3448 aes-

364 3483 795 3563 timantibus,
830 3482 1271 3572 impudenter
1299 3503 1573 3574 semper
1626 3483 1710 3550 de
1756 3483 1887 3551 diis
1935 3493 2003 3553 et
2055 3485 2140 3554 de
2191 3487 2399 3555 sacris

363 3590 687 3658 omnibus
736 3587 1267 3679 Aristophanem
1314 3609 1465 3659 essc
1513 3591 1820 3658 locutum
1852 3598 2142 3673 constat,
2177 3595 2397 3682 quiin

363 3703 559 3777 Pace,
603 3703 874 3779 Avibus,
922 3703 1123 3764 Remis
1171 3704 1376 3786 atque
1420 3703 1618 3764 Pluto
1666 3719 1804 3766 non
1853 3699 2256 3770 adumbrata
2287 3722 2397 3770 so-

361 3805 510 3871 lum
543 3804 666 3872 sed
712 3804 1434 3894 expressa·impietatis
1466 3807 1663 3896 signa
1693 3806 2003 3892 ediderit,
2043 3809 2113 3875 in
2153 3811 2395 3879 ceteris

364 3930 637 3998 quoque
685 3910 959 3990 fabulis,
1004 3912 1147 4000 jam
1204 3931 1241 3979 e
1289 3912 1674 3982 carceribus
1723 3934 2065 4004 egreSSUS‚
2101 3917 2396 4004 quoties-

424 4146 444 4182 ¹
480 4124 553 4200 Cr.¹
579 4151 817 4207 cunr-ms,
853 4151 1043 4202 arioch.
1078 4151 1363 4211 ὓωοὴίσὴω,
1392 4155 1475 4211 111,
1501 4158 1582 4202 56.
