3167 5125
1383 468 1665 529 ..ἓξὲξ-

495 602 562 664 et
594 587 980 665 P'isthetaeri'
1011 618 1166 666 cum
1199 596 1480 667 Basileia
1527 600 1787 688 nuptiae
1822 600 2066 669 eodem
2105 602 2535 671 celebrantur

497 705 800 771 carmine
843 706 1030 792 quod
1072 707 1294 773 Parcae
1342 706 1694 794 quondam
1742 708 1929 776 Jovis
1982 710 2409 798 Junonisque
2458 710 2529 792 in

495 810 838 879 honorem
870 810 1406 880 decantaverant
1445 818 1492 880 ¹.

580 919 958 1008 Fingamus
979 921 1210 987 animo
1233 920 1531 987 fabulam
1555 922 1743 988 illam
1771 924 1862 989 ita
1882 922 1965 989 ad
1988 944 2117 991 nos
2137 924 2531 1012 pervenisse

494 1032 568 1093 ut
595 1028 896 1095 auctoris
925 1048 1184 1096 nomen
1215 1028 1457 1096 lateret
1492 1053 1504 1095 :
1544 1030 1698 1117 quis
1728 1037 1834 1097 est
1864 1031 1979 1117 qui
2015 1050 2163 1099 eam
2194 1030 2527 1099 facetissi-

492 1154 674 1201 mam
709 1143 862 1201 esse
893 1135 1102 1201 simul
1135 1140 1202 1203 et
1233 1134 1758 1203 audacissimam
1784 1153 1923 1205 non
1970 1158 2331 1205 censuram
2372 1144 2525 1205 tan-

489 1248 636 1310 tum
667 1242 787 1307 sed
829 1243 1270 1330 negationem
1301 1254 1687 1332 ᾰνθρωποειδῶν
1733 1243 2019 1312 deorum
2074 1244 2532 1312 infitiabitur?

489 1350 628 1415 Etsi
655 1348 1190 1437 Aristophanem
1215 1370 1295 1417 ex
1323 1350 1472 1417 aliis
1497 1350 1747 1417 fabulis
1773 1356 2099 1437 tanquam
2128 1351 2523 1438 religiosum

487 1461 762 1543 poetam
803 1456 1154 1535 novimus,
1207 1456 1371 1543 quid
1411 1456 1639 1523 obstat
1686 1477 1805 1524 cur
1846 1457 2042 1524 illum
2086 1458 2157 1523 in
2202 1464 2443 1524 Avibus
2484 1479 2523 1524 a

485 1563 712 1651 priore
764 1563 1018 1650 pietate
1075 1562 1438 1631 deflexisse
1489 1566 1773 1645 omnino
1830 1565 2293 1644 affirmemus;
2356 1584 2521 1653 prae-

484 1671 719 1737 sertim
770 1690 927 1736 cum
985 1676 1087 1737 tot
1129 1672 1264 1759 joci
1315 1672 1508 1738 nullo
1554 1673 1837 1737 sincerae
1877 1671 2229 1759 religionis
2272 1670 2518 1739 indicio

483 1782 978 1865 temperantur,
1016 1784 1084 1844 et
1120 1777 1350 1865 lyricis
1382 1778 1584 1845 etiam
1622 1778 2035 1845 carminibus
2090 1779 2378 1847 deorum
2408 1798 2516 1845 sa-
2562 1771 2570 1775 “

483 1903 918 1972 crorumque,
964 1905 1260 1973 quorum
1309 1887 1380 1951 in
1416 1886 1789 1974 patrocinio
1830 1884 2155 1953 collocata
2186 1893 2329 1953 erat
2366 1884 2517 1952 bac-

481 1993 787 2061 chanalis
845 1992 1145 2072 lascivia,
1209 1993 1357 2059 laus
1408 1994 1635 2060 omnis
1694 1992 1935 2060 abest?
2002 1998 2249 2059 Avium
2306 1993 2515 2081 igitur

481 2100 880 2181 comoediae,
954 2120 1090 2187 qua
1159 2099 1653 2189 perfectissima
1717 2100 2195 2189 Aristophanei
2257 2100 2511 2188 ingenii

479 2210 706 2297 imago
729 2208 1152 2296 exprimitur,
1174 2209 1330 2296 jure
1353 2228 1723 2296 possumus
1752 2208 2091 2277 affirmare
2117 2207 2511 2296 opinionem

477 2321 698 2405 poetae
737 2321 1044 2382 exactam
1081 2314 1166 2383 de
1198 2315 1522 2381 omnibus
1559 2335 1714 2401 quae
1754 2314 1839 2381 ad
1881 2314 2278 2403 religionem
2310 2316 2513 2403 perti-

476 2431 647 2492 nent
700 2424 952 2503 inesse,
1011 2430 1079 2490 et
1139 2422 1413 2489 omissis
1474 2442 1627 2509 quae
1680 2428 2276 2498 commentatoreS‚
2317 2421 2509 2503 ‘falsa

476 2531 701 2620 specie
729 2529 1032 2611 abducti,
1075 2550 1201 2618 pro
1230 2549 1356 2597 suo
1387 2528 1663 2597 arbitrio
1716 2530 2295 2622 excogitaverunt,
2348 2548 2508 2595 con-

474 2637 758 2706 tendere
819 2657 1162 2705 summem
1205 2637 1723 2726 Aristophaneae
1761 2637 1923 2704 artis
1986 2636 2497 2725 perfectionem,

473 2747 544 2812 in
573 2766 652 2812 ea
683 2747 1034 2834 impietate
1081 2746 1531 2834 acquiescere,
1584 2766 1739 2834 quae
1788 2745 2231 2834 Xenophanis
2268 2747 2506 2812 acerri-

471 2873 658 2919 mam
701 2871 1089 2932 censuram,
1146 2854 1581 2941 Platonisque
1620 2853 2094 2942 gravissimam
2122 2853 2501 2920 doctrinam

473 2967 775 3048 superet.
833 2961 897 3026 Si
937 2961 1406 3048 reputabimus
1449 2961 1623 3027 circa
1673 2960 1920 3026 Avium
1951 2967 2259 3047 tempora
2290 2961 2499 3027 comi-

469 3089 627 3134 cum
657 3067 1080 3134 familiariter
1109 3068 1462 3135 Socraticis
1492 3067 1615 3146 uti,
1648 3072 1715 3132 et
1742 3067 1811 3131 in
1846 3069 2163 3132 Convivia
2198 3066 2315 3132 illo
2347 3067 2497 3132 Pla-

469 3174 695 3241 tonico
737 3175 1260 3242 honestissimas
1291 3175 1466 3242 tueri
1493 3179 1746 3263 partes,
1792 3192 2025 3238 nonne
2050 3171 2279 3238 licebit
2302 3172 2496 3238 colli-

466 3302 628 3370 gere
661 3303 846 3362 eum,
883 3290 1082 3350 exuta
1122 3283 1428 3350 archaice
1459 3283 1730 3370 pietate,
1788 3281 2162 3346 amicorum
2210 3299 2495 3347 suorum

465 3389 765 3456 scientiae
821 3390 1128 3456 extitisse
1171 3391 1595 3478 participem,
1648 3393 1715 3456 et
1761 3388 2091 3456 comicam
2133 3389 2495 3456 navavisse

465 3515 744 3584 operam
775 3503 852 3563 ut
889 3529 909 3558 α
946 3507 1238 3570 Διπολιώδη
1267 3511 1356 3566 καὶ
1383 3513 1624 3585 τεττίγων
1656 3511 1933 3588 ἀνάμεστα
1964 3510 1993 3553 2
2027 3532 2049 3560 »
2103 3504 2495 3566 commenta

465 3623 503 3670 e
531 3603 802 3671 civitate
846 3603 1294 3672 tollerentur?

554 3710 770 3776 Pauca
808 3731 890 3778 ex
946 3715 1313 3793 Lysis-trata
1362 3718 1448 3778 et·
1488 3717 2177 3798 Thesmophoriazusis
2205 3713 2292 3781 ad
2342 3735 2491 3803 pro-
2561 3785 2565 3790 ,

461 3816 765 3904 positum
811 3825 1126 3885 nostrum
1179 3819 1337 3886 licet
1382 3839 1645 3904 eruere,
1696 3821 1826 3888 nisi
1880 3820 2066 3910 quod
2096 3822 2489 3892 infelicitate

523 4064 544 4099 ¹
568 4067 712 4126 Ibid.‚
756 4069 893 4114 1731.

523 4145 548 4180 ²
569 4146 696 4200 Nub.
727 4146 836 4201 984,
