3167 5125
1524 496 1808 551 -56...

658 626 1042 711 temporum
1093 622 1506 699 commotUS,
1551 616 2042 705 Aristophanes
2098 618 2424 687 amissam
2476 619 2691 689 fidem

659 747 1058 817 recuperare
1099 724 1278 795 velle
1319 723 1633 793 videatur
1668 748 1682 790 ε
1734 724 1827 791 ita
1876 731 2105 794 tamen
2138 731 2213 793 ut
2246 727 2356 795 vel
2384 726 2689 816 Euripidi

659 832 1114 912 adversando,
1173 832 1350 899 nihil
1395 831 1712 911 animosi,
1769 831 1945 899 nihil
1992 831 2177 919 quod
2204 834 2513 922 priorum
2560 838 2692 901 Nu-

663 950 852 1013 biwm
884 944 1168 1011 renovet
1197 939 1601 1008 memoriam
1631 939 1937 1009 inveniat
1976 942 2021 1007 ¹.
2066 940 2145 1007 In
2184 945 2384 1009 Remis
2425 947 2686 1020 contra,

664 1060 734 1123 et
764 1051 1000 1119 multis
1031 1049 1229 1118 annis
1260 1048 1631 1137 interjectis
1663 1049 1732 1114 in
1777 1053 1988 1131 Pluto,
2050 1048 2139 1117 ad
2188 1047 2453 1119 fontem
2510 1048 2693 1117 unde

663 1167 828 1228 Aves
865 1157 1290 1236 effluxerant,
1327 1156 1527 1223 alacri
1562 1156 1929 1225 revertitur
1955 1158 2211 1237 anime,
2246 1165 2315 1225 et
2340 1156 2511 1226 deos
2540 1157 2693 1225 illos

659 1252 782 1357 ‘qui
816 1285 1178 1334 censuram
1232 1265 1554 1353 primum,
1608 1264 1755 1352 ipsa
1795 1263 2045 1333 fabulae
2070 1263 2488 1345 conditione,
2533 1264 2695 1333 effu-

667 1379 931 1463 gerant,
989 1371 1234 1467 iisdem
1282 1372 1490 1438 armis
1535 1369 1952 1461 aggreditur.
2011 1372 2107 1439 De
2162 1376 2382 1451 Pluto,
2441 1373 2512 1439 in
2559 1392 2695 1460 quo

667 1486 898 1571 aperte
923 1478 1007 1546 ad
1035 1478 1486 1568 philosophos
1507 1478 1797 1559 transiit,
1836 1478 2009 1546 infra
2030 1480 2227 1568 plura
2248 1479 2691 1548 disseremus

667 1592 896 1659 Restat
927 1592 1004 1654 ut
1037 1584 1124 1654 de
1159 1586 1396 1654 Bacchi
1431 1587 1500 1653 in
1534 1591 1737 1653 Ranis
1781 1586 2065 1655 ridicula
2110 1606 2401 1677 persona
2458 1589 2697 1677 loqua-

669 1718 855 1776 mur,·
884 1716 1038 1785 quae
1069 1701 1300 1762 tamen
1327 1714 1568 1783 parum
1604 1715 1731 1763 nos
1765 1695 2167 1775 morabitur,
2213 1696 2373 1785 quia
2411 1695 2697 1784 quaestio

669 1804 1072 1895 pervulgata
1105 1807 1211 1869 est
1245 1800 1569 1871 omnibus
1600 1807 1668 1871 et
1695 1802 2093 1871 doctissimo
2118 1804 2265 1871 viro
2291 1804 2699 1893 opusculum

671 1911 1057 1980 eruditione
1131 1910 1404 1997 insigne
1467 1908 1955 1998 suppeditavit,
2020 1910 2207 1998 quod
2274 1931 2403 1980 nec
2464 1916 2701 1981 nostro

671 2019 1048 2110 comparari
1079 2038 1207 2086 nec
1235 2037 1274 2085 a
1312 2022 1548 2085 nostro
1589 2017 1956 2086 deformari
1978 2019 2271 2087 velimus
2307 2024 2359 2085 2.

762 2126 1049 2203 Bacche,
1089 2125 1146 2192 si
1186 2145 1329 2193 rem
1384 2124 1467 2191 ad
1512 2126 1731 2223 nostri
1772 2127 2098 2214 temporis
2128 2126 2703 2195 consuetudinem

675 2236 1122 2314 aestimamuS‚
1175 2251 1256 2300 eo
1297 2233 1518 2321 magis
1569 2232 1807 2301 debuit
1854 2232 2347 2321 Aristophanes
2401 2252 2700 2323 parcere,

674 2341 858 2430 quod
887 2340 1070 2409 illius
1093 2339 1165 2405 in
1197 2340 1404 2407 sacris
1439 2344 1599 2408 nata
1622 2346 1764 2407 erat
1795 2338 2158 2420 comoedia,
2194 2341 2707 2429 patrocinioque

674 2450 1018 2517 licentiam
1081 2467 1241 2534 erga
1295 2447 1616 2513 homines
1670 2452 2072 2534 ceterosque
2133 2446 2301 2514 deos
2360 2448 2700 2515 tuebatur.

677 2558 874 2624 Hunc
905 2562 1132 2622 tamen
1161 2552 1367 2622 deum
1411 2553 1506 2620 ita
1539 2552 1852 2620 tractavit
1884 2552 2379 2643 Aristophanes
2409 2561 2486 2622 ut
2515 2555 2587 2622 in
2614 2555 2707 2622 ri-

678 2663 902 2730 dicula
943 2661 1306 2728 numinum
1353 2660 1526 2728 serie
1569 2660 1993 2748 praecipuum
2039 2667 2304 2730 teneret
2340 2662 2601 2742 locum,
2642 2667 2710 2730 et

679 2770 854 2838 sicut
899 2768 1225 2836 Hercules
1277 2766 1671 2845 stoliditate,
1730 2766 1821 2832 ita
1852 2767 2143 2855 ignavia,
2177 2767 2489 2848 mollitie,
2526 2769 2711 2835 infir-

681 2877 916 2943 mitate
970 2874 1222 2961 ingenii
1274 2873 1630 2940 emineret.
1688 2872 2030 2940 Traditam
2080 2873 2258 2940 hanc
2296 2894 2334 2941 a
2371 2875 2710 2944 Doriensi-

681 2983 811 3050 hus
865 2982 1144 3050 comicis
1181 2989 1206 3031 3
1259 2989 1326 3049 et
1381 2981 1582 3048 certis
1627 2983 1768 3070 jam
1826 2980 2239 3069 quibusdam
2277 2982 2711 3052 lineamentis

682 3089 1090 3178 descriptam
1113 3088 1221 3156 dei
1254 3088 1626 3176 imaginem
1665 3087 2007 3174 accepisse
2045 3088 2577 3177 Aristophanem
2608 3092 2710 3158 fa-

685 3204 948 3264 teamur
986 3195 1204 3275 decet,
1253 3196 1345 3262 ita
1408 3215 1568 3264 vero
1626 3199 1699 3261 ut
1746 3214 1920 3273 eam,
1970 3195 2027 3262 si
2070 3195 2425 3276 voluisset,
2464 3196 2713 3265 fabulae

681 3325 823 3371 suae
861 3302 1211 3391 proposito
1258 3323 1398 3369 non
1426 3298 1943 3369 accommodare
1984 3301 2346 3389 potuisset.

773 3412 1100 3497 Suscepto
1137 3409 1425 3476 consilio
1471 3407 1730 3476 inferos
1768 3406 2068 3476 adeundi
2096 3408 2351 3477 etinde
2376 3413 2711 3500 tragicum

684 3507 1370 3604 reducendi'poetam,
1399 3516 1514 3602 qui
1551 3549 1570 3578 ι
1608 3528 1953 3604 μειρακύλλια
1980 3525 2280 3608 τραγῳδίας
2321 3535 2578 3588 ποιοῦντα
2612 3529 2640 3575 4
2684 3554 2706 3584 a

749 3765 764 3798 ¹
797 3768 861 3813 De
890 3778 989 3823 quo
1017 3765 1118 3811 vid.
1153 3765 1300 3820 infra,
1329 3779 1435 3823 cap.
1465 3767 1543 3812 lv.

745 3845 768 3878 2
804 3848 1114 3901 summunt,
1156 3849 1222 3892 De
1258 3857 1474 3905 persona
1507 3843 1679 3890 Bacchi
1707 3844 1761 3890 in
1790 3845 1939 3890 Rani-3
1962 3845 2206 3905 Aristoph.
2236 3846 2307 3895 cf.
2334 3849 2515 3909 Banex,
2566 3848 2715 3912 Reliq.

684 3939 802 3973 com.
835 3929 948 3981 alt„
982 3929 1066 3972 152
1099 3931 1146 3973 et
1174 3940 1276 3984 seq.
1307 3929 1509 3980 Rana,
1534 3927 1598 3970 De
1620 3925 1708 3971 vit.
1734 3923 2001 3982 Aristoph.‚
2036 3925 2059 3986 ξ
2100 3929 2171 3972 11.
2203 3928 2287 3973 ΤΗ.
2324 3930 2482 3983 Κοακ,
2514 3931 2713 3978 Introd.

685 4006 754 4053 ad
777 4007 922 4061 Rau„
951 4007 1009 4052 27
1039 4010 1086 4052 et
1111 4019 1212 4064 seq.
1245 4009 1332 4054 En.
1361 4017 1425 4050 nu
1457 4005 1634 4058 Manu„
1666 4003 1874 4050 Histoire
1895 4003 1954 4050 de
1979 4002 2029 4051 la
2054 4002 2284 4064 comedia,
2322 4009 2361 4066 1,
2395 4007 2505 4057 410.

748 4084 772 4118 ⁸
797 4087 870 4134 cf.
901 4088 1226 4143 Bnaunuinr,
1249 4088 1314 4142 11,
1347 4083 1456 4133 464.

748 4167 771 4201 ⁴
797 4170 946 4227 Ram,
978 4172 1055 4218 89.
