<?xml version="1.0" encoding="UTF-8"?>
<!DOCTYPE html PUBLIC "-//W3C//DTD XHTML 1.0 Transitional//EN"
    "http://www.w3.org/TR/xhtml1/DTD/xhtml1-transitional.dtd">
<html xmlns="http://www.w3.org/1999/xhtml" xml:lang="en" lang="en">
 <head>
  <title>
</title>
<meta http-equiv="Content-Type" content="text/html;charset=utf-8" />
  <meta name='ocr-system' content='tesseract 3.04.00' />
  <meta name='ocr-capabilities' content='ocr_page ocr_carea ocr_par ocr_line ocrx_word'/>
</head>
<body>
  <div class='ocr_page' id='page_1' title='image "./aristophanesimp01hildgoog_0060.png"; bbox 0 0 3167 5125; ppageno 0'>
   <div class='ocr_carea' id='block_1_1' title="bbox 1645 476 1916 535">
    <p class='ocr_par' dir='ltr' id='par_1_1' title="bbox 1645 476 1916 535">
     <span class='ocr_line' id='line_1_1' title="bbox 1645 476 1916 535; baseline 0 -20"><span class='ocrx_word' id='word_1_1' title='bbox 1645 505 1701 515; x_wconf 82' lang='lat'>...</span> <span class='ocrx_word' id='word_1_2' title='bbox 1740 476 1916 535; x_wconf 67' lang='lat'>44-</span> 
     </span>
    </p>
   </div>
   <div class='ocr_carea' id='block_1_2' title="bbox 743 594 2833 3475">
    <p class='ocr_par' dir='ltr' id='par_1_2' title="bbox 743 594 2805 2269">
     <span class='ocr_line' id='line_1_2' title="bbox 760 594 2800 688; baseline -0.002 -24"><span class='ocrx_word' id='word_1_3' title='bbox 760 616 1055 683; x_wconf 87' lang='lat' dir='ltr'>cumque</span> <span class='ocrx_word' id='word_1_4' title='bbox 1081 597 1342 663; x_wconf 80' lang='lat' dir='ltr'>occasio</span> <span class='ocrx_word' id='word_1_5' title='bbox 1366 597 1794 688; x_wconf 79' lang='lat' dir='ltr'>suppetebat,</span> <span class='ocrx_word' id='word_1_6' title='bbox 1822 597 2107 680; x_wconf 82' lang='lat' dir='ltr'>facetiiS,</span> <span class='ocrx_word' id='word_1_7' title='bbox 2132 596 2480 676; x_wconf 84' lang='lat' dir='ltr'>conviciiS‚</span> <span class='ocrx_word' id='word_1_8' title='bbox 2507 594 2800 662; x_wconf 88' lang='lat' dir='ltr'>ridicula</span> 
     </span>
     <span class='ocr_line' id='line_1_3' title="bbox 762 692 2795 797; baseline -0.001 -28"><span class='ocrx_word' id='word_1_9' title='bbox 762 703 1151 771; x_wconf 84' lang='lat' dir='ltr'>divinorum</span> <span class='ocrx_word' id='word_1_10' title='bbox 1184 692 1561 795; x_wconf 81' lang='lat' dir='ltr'>imitatione</span> <span class='ocrx_word' id='word_1_11' title='bbox 1586 725 1751 797; x_wconf 76' lang='lat' dir='ltr'>usus</span> <span class='ocrx_word' id='word_1_12' title='bbox 1782 706 1891 792; x_wconf 83' lang='lat' dir='ltr'>sit,</span> <span class='ocrx_word' id='word_1_13' title='bbox 1922 724 2143 793; x_wconf 88' lang='lat' dir='ltr'>neque</span> <span class='ocrx_word' id='word_1_14' title='bbox 2173 698 2390 771; x_wconf 85' lang='lat' dir='ltr'>ullum</span> <span class='ocrx_word' id='word_1_15' title='bbox 2410 703 2554 770; x_wconf 89' lang='lat' dir='ltr'>fere</span> <span class='ocrx_word' id='word_1_16' title='bbox 2585 701 2795 769; x_wconf 91' lang='lat' dir='ltr'>deum</span> 
     </span>
     <span class='ocr_line' id='line_1_4' title="bbox 761 810 2799 899; baseline 0 -24"><span class='ocrx_word' id='word_1_17' title='bbox 761 810 1052 877; x_wconf 78' lang='lat' dir='ltr'>illaesum</span> <span class='ocrx_word' id='word_1_18' title='bbox 1086 810 1433 898; x_wconf 76' lang='lat' dir='ltr'>reliquerit</span> <span class='ocrx_word' id='word_1_19' title='bbox 1471 812 1778 879; x_wconf 90' lang='lat' dir='ltr'>omnino.</span> <span class='ocrx_word' id='word_1_20' title='bbox 1831 810 2020 879; x_wconf 94' lang='lat' dir='ltr'>Adeo</span> <span class='ocrx_word' id='word_1_21' title='bbox 2063 817 2158 891; x_wconf 90' lang='lat' dir='ltr'>ut,</span> <span class='ocrx_word' id='word_1_22' title='bbox 2202 811 2406 899; x_wconf 87' lang='lat' dir='ltr'>siqui</span> <span class='ocrx_word' id='word_1_23' title='bbox 2436 810 2611 878; x_wconf 90' lang='lat' dir='ltr'>forte</span> <span class='ocrx_word' id='word_1_24' title='bbox 2642 829 2799 877; x_wconf 90' lang='lat' dir='ltr'>cen-</span> 
     </span>
     <span class='ocr_line' id='line_1_5' title="bbox 763 915 2795 1009; baseline -0.001 -26"><span class='ocrx_word' id='word_1_25' title='bbox 763 936 942 983; x_wconf 86' lang='lat' dir='ltr'>surae</span> <span class='ocrx_word' id='word_1_26' title='bbox 989 915 1348 984; x_wconf 87' lang='lat' dir='ltr'>videantur</span> <span class='ocrx_word' id='word_1_27' title='bbox 1386 924 1701 1009; x_wconf 82' lang='lat' dir='ltr'>expertes</span> <span class='ocrx_word' id='word_1_28' title='bbox 1734 918 2064 1005; x_wconf 88' lang='lat' dir='ltr'>(Cererem</span> <span class='ocrx_word' id='word_1_29' title='bbox 2104 924 2372 987; x_wconf 82' lang='lat' dir='ltr'>tantum</span> <span class='ocrx_word' id='word_1_30' title='bbox 2413 916 2795 1005; x_wconf 82' lang='lat' dir='ltr'>exceperim</span> 
     </span>
     <span class='ocr_line' id='line_1_6' title="bbox 763 1024 2796 1115; baseline -0.001 -25"><span class='ocrx_word' id='word_1_31' title='bbox 763 1024 958 1113; x_wconf 85' lang='lat' dir='ltr'>cujus</span> <span class='ocrx_word' id='word_1_32' title='bbox 1013 1025 1339 1110; x_wconf 81' lang='lat' dir='ltr'>mysteria</span> <span class='ocrx_word' id='word_1_33' title='bbox 1382 1024 1451 1090; x_wconf 92' lang='lat' dir='ltr'>in</span> <span class='ocrx_word' id='word_1_34' title='bbox 1500 1024 1822 1093; x_wconf 89' lang='lat' dir='ltr'>Eleusino</span> <span class='ocrx_word' id='word_1_35' title='bbox 1868 1026 2123 1115; x_wconf 90' lang='lat' dir='ltr'>templo</span> <span class='ocrx_word' id='word_1_36' title='bbox 2157 1024 2517 1105; x_wconf 87' lang='lat' dir='ltr'>celebrata,</span> <span class='ocrx_word' id='word_1_37' title='bbox 2560 1024 2796 1111; x_wconf 84' lang='lat' dir='ltr'>legum</span> 
     </span>
     <span class='ocr_line' id='line_1_7' title="bbox 764 1113 2800 1221; baseline -0 -25"><span class='ocrx_word' id='word_1_38' title='bbox 764 1130 1165 1198; x_wconf 86' lang='lat' dir='ltr'>auctoritate</span> <span class='ocrx_word' id='word_1_39' title='bbox 1210 1130 1490 1203; x_wconf 86' lang='lat' dir='ltr'>defensa</span> <span class='ocrx_word' id='word_1_40' title='bbox 1539 1136 1606 1198; x_wconf 87' lang='lat' dir='ltr'>et</span> <span class='ocrx_word' id='word_1_41' title='bbox 1638 1113 2003 1221; x_wconf 84' lang='lat' dir='ltr'>magnifico</span> <span class='ocrx_word' id='word_1_42' title='bbox 2043 1132 2228 1198; x_wconf 88' lang='lat' dir='ltr'>cultu</span> <span class='ocrx_word' id='word_1_43' title='bbox 2257 1136 2604 1210; x_wconf 87' lang='lat' dir='ltr'>exornata,</span> <span class='ocrx_word' id='word_1_44' title='bbox 2644 1135 2800 1219; x_wconf 89' lang='lat' dir='ltr'>post</span> 
     </span>
     <span class='ocr_line' id='line_1_8' title="bbox 768 1236 2799 1327; baseline -0.001 -23"><span class='ocrx_word' id='word_1_45' title='bbox 768 1237 926 1304; x_wconf 91' lang='lat' dir='ltr'>belli</span> <span class='ocrx_word' id='word_1_46' title='bbox 989 1237 1226 1308; x_wconf 90' lang='lat' dir='ltr'>Medici</span> <span class='ocrx_word' id='word_1_47' title='bbox 1285 1239 1722 1321; x_wconf 80' lang='lat' dir='ltr'>memoriam,</span> <span class='ocrx_word' id='word_1_48' title='bbox 1793 1240 2304 1307; x_wconf 89' lang='lat' dir='ltr'>venerationem</span> <span class='ocrx_word' id='word_1_49' title='bbox 2370 1236 2799 1327; x_wconf 86' lang='lat' dir='ltr'>imperabant</span> 
     </span>
     <span class='ocr_line' id='line_1_9' title="bbox 766 1344 2798 1435; baseline -0.001 -24"><span class='ocrx_word' id='word_1_50' title='bbox 766 1345 1226 1435; x_wconf 73' lang='lat' dir='ltr'>praecipuam),</span> <span class='ocrx_word' id='word_1_51' title='bbox 1281 1344 1349 1412; x_wconf 86' lang='lat' dir='ltr'>id</span> <span class='ocrx_word' id='word_1_52' title='bbox 1401 1349 1586 1413; x_wconf 88' lang='lat' dir='ltr'>casui</span> <span class='ocrx_word' id='word_1_53' title='bbox 1640 1346 1868 1435; x_wconf 88' lang='lat' dir='ltr'>potius</span> <span class='ocrx_word' id='word_1_54' title='bbox 1911 1355 1978 1413; x_wconf 85' lang='lat' dir='ltr'>et</span> <span class='ocrx_word' id='word_1_55' title='bbox 2021 1345 2405 1411; x_wconf 88' lang='lat' dir='ltr'>fabularum</span> <span class='ocrx_word' id='word_1_56' title='bbox 2449 1344 2798 1432; x_wconf 90' lang='lat' dir='ltr'>proposito</span> 
     </span>
     <span class='ocr_line' id='line_1_10' title="bbox 768 1451 2799 1543; baseline -0.001 -24"><span class='ocrx_word' id='word_1_57' title='bbox 768 1473 938 1540; x_wconf 85' lang='lat' dir='ltr'>quas</span> <span class='ocrx_word' id='word_1_58' title='bbox 967 1454 1371 1541; x_wconf 86' lang='lat' dir='ltr'>superstites</span> <span class='ocrx_word' id='word_1_59' title='bbox 1401 1453 1762 1534; x_wconf 81' lang='lat' dir='ltr'>habemuS,</span> <span class='ocrx_word' id='word_1_60' title='bbox 1811 1474 2016 1543; x_wconf 85' lang='lat' dir='ltr'>quam</span> <span class='ocrx_word' id='word_1_61' title='bbox 2049 1459 2267 1542; x_wconf 73' lang='lat' dir='ltr'>poetae</span> <span class='ocrx_word' id='word_1_62' title='bbox 2299 1452 2636 1523; x_wconf 90' lang='lat' dir='ltr'>voluntati</span> <span class='ocrx_word' id='word_1_63' title='bbox 2675 1451 2799 1517; x_wconf 87' lang='lat' dir='ltr'>tri-</span> 
     </span>
     <span class='ocr_line' id='line_1_11' title="bbox 769 1559 2805 1649; baseline -0.001 -23"><span class='ocrx_word' id='word_1_64' title='bbox 769 1559 1122 1627; x_wconf 88' lang='lat' dir='ltr'>buendum</span> <span class='ocrx_word' id='word_1_65' title='bbox 1166 1559 1459 1629; x_wconf 88' lang='lat' dir='ltr'>videtur.</span> <span class='ocrx_word' id='word_1_66' title='bbox 1491 1563 1799 1631; x_wconf 89' lang='lat' dir='ltr'>Ceterum</span> <span class='ocrx_word' id='word_1_67' title='bbox 1834 1583 1913 1633; x_wconf 83' lang='lat' dir='ltr'>ex</span> <span class='ocrx_word' id='word_1_68' title='bbox 1949 1563 2033 1628; x_wconf 91' lang='lat' dir='ltr'>iis</span> <span class='ocrx_word' id='word_1_69' title='bbox 2067 1582 2221 1649; x_wconf 85' lang='lat' dir='ltr'>quae</span> <span class='ocrx_word' id='word_1_70' title='bbox 2252 1565 2624 1649; x_wconf 87' lang='lat' dir='ltr'>supersunt</span> <span class='ocrx_word' id='word_1_71' title='bbox 2658 1578 2805 1645; x_wconf 88' lang='lat' dir='ltr'>per-</span> 
     </span>
     <span class='ocr_line' id='line_1_12' title="bbox 743 1665 2802 1758; baseline -0.002 -24"><span class='ocrx_word' id='word_1_72' title='bbox 743 1667 974 1755; x_wconf 80' lang='lat' dir='ltr'>pendi</span> <span class='ocrx_word' id='word_1_73' title='bbox 1008 1672 1256 1755; x_wconf 87' lang='lat' dir='ltr'>potest,</span> <span class='ocrx_word' id='word_1_74' title='bbox 1294 1668 1456 1755; x_wconf 88' lang='lat' dir='ltr'>quid</span> <span class='ocrx_word' id='word_1_75' title='bbox 1499 1670 1566 1734; x_wconf 89' lang='lat' dir='ltr'>in</span> <span class='ocrx_word' id='word_1_76' title='bbox 1622 1668 2017 1758; x_wconf 87' lang='lat' dir='ltr'>deperditis,</span> <span class='ocrx_word' id='word_1_77' title='bbox 2056 1688 2346 1757; x_wconf 85' lang='lat' dir='ltr'>quarum</span> <span class='ocrx_word' id='word_1_78' title='bbox 2384 1666 2700 1756; x_wconf 73' lang='lat' dir='ltr'>plurimae</span> <span class='ocrx_word' id='word_1_79' title='bbox 2732 1665 2802 1730; x_wconf 92' lang='lat' dir='ltr'>in</span> 
     </span>
     <span class='ocr_line' id='line_1_13' title="bbox 773 1774 2803 1865; baseline -0.001 -26"><span class='ocrx_word' id='word_1_80' title='bbox 773 1774 1093 1865; x_wconf 83' lang='lat' dir='ltr'>religioso</span> <span class='ocrx_word' id='word_1_81' title='bbox 1150 1774 1596 1843; x_wconf 88' lang='lat' dir='ltr'>versabantur</span> <span class='ocrx_word' id='word_1_82' title='bbox 1634 1782 2065 1865; x_wconf 85' lang='lat' dir='ltr'>argument0‚</span> <span class='ocrx_word' id='word_1_83' title='bbox 2104 1775 2437 1844; x_wconf 89' lang='lat' dir='ltr'>adversus</span> <span class='ocrx_word' id='word_1_84' title='bbox 2474 1774 2803 1863; x_wconf 90' lang='lat' dir='ltr'>pietatem</span> 
     </span>
     <span class='ocr_line' id='line_1_14' title="bbox 775 1882 2804 1973; baseline -0.002 -24"><span class='ocrx_word' id='word_1_85' title='bbox 775 1883 1222 1949; x_wconf 90' lang='lat' dir='ltr'>commissum</span> <span class='ocrx_word' id='word_1_86' title='bbox 1273 1882 1501 1962; x_wconf 88' lang='lat' dir='ltr'>fuerit,</span> <span class='ocrx_word' id='word_1_87' title='bbox 1546 1904 1771 1973; x_wconf 84' lang='lat' dir='ltr'>neque</span> <span class='ocrx_word' id='word_1_88' title='bbox 1824 1903 2063 1952; x_wconf 89' lang='lat' dir='ltr'>vereor</span> <span class='ocrx_word' id='word_1_89' title='bbox 2120 1882 2370 1961; x_wconf 85' lang='lat' dir='ltr'>dicere,</span> <span class='ocrx_word' id='word_1_90' title='bbox 2430 1882 2487 1948; x_wconf 89' lang='lat' dir='ltr'>si</span> <span class='ocrx_word' id='word_1_91' title='bbox 2538 1882 2804 1967; x_wconf 85' lang='lat' dir='ltr'>integra</span> 
     </span>
     <span class='ocr_line' id='line_1_15' title="bbox 774 1973 2795 2079; baseline -0.001 -24"><span class='ocrx_word' id='word_1_92' title='bbox 774 1989 1250 2077; x_wconf 88' lang='lat' dir='ltr'>Aristophanis</span> <span class='ocrx_word' id='word_1_93' title='bbox 1297 1973 1504 2079; x_wconf 75' lang='lat' dir='ltr'>ope&#39;ra</span> <span class='ocrx_word' id='word_1_94' title='bbox 1553 1990 1636 2056; x_wconf 86' lang='lat' dir='ltr'>ad</span> <span class='ocrx_word' id='word_1_95' title='bbox 1683 2012 1810 2059; x_wconf 89' lang='lat' dir='ltr'>nos</span> <span class='ocrx_word' id='word_1_96' title='bbox 1856 1991 2088 2061; x_wconf 88' lang='lat' dir='ltr'>venire</span> <span class='ocrx_word' id='word_1_97' title='bbox 2136 1990 2410 2057; x_wconf 90' lang='lat' dir='ltr'>sivisset</span> <span class='ocrx_word' id='word_1_98' title='bbox 2462 1993 2795 2065; x_wconf 62' lang='lat' dir='ltr'>vetustam,</span> 
     </span>
     <span class='ocr_line' id='line_1_16' title="bbox 777 2094 2800 2183; baseline 0 -23"><span class='ocrx_word' id='word_1_99' title='bbox 777 2094 963 2161; x_wconf 89' lang='lat' dir='ltr'>hunc</span> <span class='ocrx_word' id='word_1_100' title='bbox 1000 2095 1310 2162; x_wconf 90' lang='lat' dir='ltr'>libellum</span> <span class='ocrx_word' id='word_1_101' title='bbox 1349 2116 1490 2163; x_wconf 89' lang='lat' dir='ltr'>non</span> <span class='ocrx_word' id='word_1_102' title='bbox 1522 2097 2033 2165; x_wconf 88' lang='lat' dir='ltr'>commentariis</span> <span class='ocrx_word' id='word_1_103' title='bbox 2077 2096 2199 2164; x_wconf 91' lang='lat' dir='ltr'>sed</span> <span class='ocrx_word' id='word_1_104' title='bbox 2233 2095 2650 2163; x_wconf 86' lang='lat' dir='ltr'>testimoniis</span> <span class='ocrx_word' id='word_1_105' title='bbox 2681 2115 2800 2183; x_wconf 90' lang='lat' dir='ltr'>po-</span> 
     </span>
     <span class='ocr_line' id='line_1_17' title="bbox 777 2202 1324 2269; baseline 0.004 -2"><span class='ocrx_word' id='word_1_106' title='bbox 777 2202 992 2268; x_wconf 89' lang='lat' dir='ltr'>tuisse</span> <span class='ocrx_word' id='word_1_107' title='bbox 1023 2203 1324 2269; x_wconf 90' lang='lat' dir='ltr'>conflari.</span> 
     </span>
    </p>

    <p class='ocr_par' dir='ltr' id='par_1_3' title="bbox 777 2308 2833 3475">
     <span class='ocr_line' id='line_1_18' title="bbox 868 2308 2803 2401; baseline -0.002 -23"><span class='ocrx_word' id='word_1_108' title='bbox 868 2312 1245 2378; x_wconf 88' lang='lat' dir='ltr'>Occurrunt</span> <span class='ocrx_word' id='word_1_109' title='bbox 1296 2333 1544 2401; x_wconf 89' lang='lat' dir='ltr'>nempe</span> <span class='ocrx_word' id='word_1_110' title='bbox 1597 2313 1665 2378; x_wconf 90' lang='lat' dir='ltr'>in</span> <span class='ocrx_word' id='word_1_111' title='bbox 1720 2312 1803 2379; x_wconf 88' lang='lat' dir='ltr'>iis</span> <span class='ocrx_word' id='word_1_112' title='bbox 1852 2332 2005 2399; x_wconf 84' lang='lat' dir='ltr'>quae</span> <span class='ocrx_word' id='word_1_113' title='bbox 2062 2316 2323 2378; x_wconf 84' lang='lat' dir='ltr'>restant</span> <span class='ocrx_word' id='word_1_114' title='bbox 2375 2308 2628 2377; x_wconf 86' lang='lat' dir='ltr'>fabulis</span> <span class='ocrx_word' id='word_1_115' title='bbox 2687 2314 2803 2375; x_wconf 88' lang='lat' dir='ltr'>aut</span> 
     </span>
     <span class='ocr_line' id='line_1_19' title="bbox 777 2416 2803 2509; baseline -0 -26"><span class='ocrx_word' id='word_1_116' title='bbox 777 2416 1162 2485; x_wconf 89' lang='lat' dir='ltr'>fabularum</span> <span class='ocrx_word' id='word_1_117' title='bbox 1209 2418 1640 2509; x_wconf 84' lang='lat' dir='ltr'>fragmentis,</span> <span class='ocrx_word' id='word_1_118' title='bbox 1687 2424 1949 2500; x_wconf 82' lang='lat' dir='ltr'>vexata,</span> <span class='ocrx_word' id='word_1_119' title='bbox 1998 2418 2216 2499; x_wconf 87' lang='lat' dir='ltr'>irrisa,</span> <span class='ocrx_word' id='word_1_120' title='bbox 2254 2417 2631 2485; x_wconf 85' lang='lat' dir='ltr'>deformata</span> <span class='ocrx_word' id='word_1_121' title='bbox 2663 2417 2803 2484; x_wconf 83' lang='lat' dir='ltr'>fere</span> 
     </span>
     <span class='ocr_line' id='line_1_20' title="bbox 780 2524 2804 2616; baseline 0 -24"><span class='ocrx_word' id='word_1_122' title='bbox 780 2525 1010 2592; x_wconf 90' lang='lat' dir='ltr'>omnia</span> <span class='ocrx_word' id='word_1_123' title='bbox 1037 2526 1334 2614; x_wconf 84' lang='lat' dir='ltr'>antiquae</span> <span class='ocrx_word' id='word_1_124' title='bbox 1368 2526 1715 2616; x_wconf 82' lang='lat' dir='ltr'>religionis</span> <span class='ocrx_word' id='word_1_125' title='bbox 1738 2526 2043 2608; x_wconf 89' lang='lat' dir='ltr'>numina,</span> <span class='ocrx_word' id='word_1_126' title='bbox 2070 2527 2428 2616; x_wconf 83' lang='lat' dir='ltr'>Neptunus</span> <span class='ocrx_word' id='word_1_127' title='bbox 2468 2529 2514 2607; x_wconf 85' lang='lat'>¹,</span> <span class='ocrx_word' id='word_1_128' title='bbox 2543 2524 2804 2614; x_wconf 89' lang='lat' dir='ltr'>Aphro-</span> 
     </span>
     <span class='ocr_line' id='line_1_21' title="bbox 779 2631 2806 2724; baseline 0 -25"><span class='ocrx_word' id='word_1_129' title='bbox 779 2631 942 2712; x_wconf 90' lang='lat' dir='ltr'>dite,</span> <span class='ocrx_word' id='word_1_130' title='bbox 975 2633 1210 2712; x_wconf 86' lang='lat' dir='ltr'>Diana,</span> <span class='ocrx_word' id='word_1_131' title='bbox 1245 2635 1393 2712; x_wconf 89' lang='lat' dir='ltr'>Iris,</span> <span class='ocrx_word' id='word_1_132' title='bbox 1437 2635 2039 2724; x_wconf 81' lang='lat' dir='ltr'>AEsculapiusque3</span> <span class='ocrx_word' id='word_1_133' title='bbox 2090 2634 2503 2702; x_wconf 88' lang='lat' dir='ltr'>recentiores</span> <span class='ocrx_word' id='word_1_134' title='bbox 2557 2631 2806 2701; x_wconf 89' lang='lat' dir='ltr'>deinde</span> 
     </span>
     <span class='ocr_line' id='line_1_22' title="bbox 780 2736 2805 2830; baseline 0.001 -27"><span class='ocrx_word' id='word_1_135' title='bbox 780 2736 874 2803; x_wconf 89' lang='lat' dir='ltr'>dii</span> <span class='ocrx_word' id='word_1_136' title='bbox 922 2744 990 2804; x_wconf 90' lang='lat' dir='ltr'>et</span> <span class='ocrx_word' id='word_1_137' title='bbox 1038 2746 1194 2827; x_wconf 91' lang='lat' dir='ltr'>post</span> <span class='ocrx_word' id='word_1_138' title='bbox 1239 2741 1600 2808; x_wconf 87' lang='lat' dir='ltr'>Homerica</span> <span class='ocrx_word' id='word_1_139' title='bbox 1650 2749 1956 2830; x_wconf 90' lang='lat' dir='ltr'>tempora</span> <span class='ocrx_word' id='word_1_140' title='bbox 1997 2743 2267 2810; x_wconf 83' lang='lat' dir='ltr'>Graeciae</span> <span class='ocrx_word' id='word_1_141' title='bbox 2314 2741 2589 2821; x_wconf 86' lang='lat' dir='ltr'>invecti,</span> <span class='ocrx_word' id='word_1_142' title='bbox 2645 2742 2805 2807; x_wconf 87' lang='lat' dir='ltr'>Bac-</span> 
     </span>
     <span class='ocr_line' id='line_1_23' title="bbox 779 2844 2800 2938; baseline 0.003 -29"><span class='ocrx_word' id='word_1_143' title='bbox 779 2844 951 2910; x_wconf 90' lang='lat' dir='ltr'>chus</span> <span class='ocrx_word' id='word_1_144' title='bbox 986 2849 1037 2924; x_wconf 78' lang='lat'>2,</span> <span class='ocrx_word' id='word_1_145' title='bbox 1071 2846 1442 2914; x_wconf 87' lang='lat' dir='ltr'>Mercurius</span> <span class='ocrx_word' id='word_1_146' title='bbox 1472 2853 1675 2935; x_wconf 85' lang='lat' dir='ltr'>atque</span> <span class='ocrx_word' id='word_1_147' title='bbox 1696 2850 2047 2930; x_wconf 82' lang='lat' dir='ltr'>HerculeS,</span> <span class='ocrx_word' id='word_1_148' title='bbox 2078 2850 2149 2917; x_wconf 89' lang='lat' dir='ltr'>hi</span> <span class='ocrx_word' id='word_1_149' title='bbox 2174 2855 2404 2917; x_wconf 86' lang='lat' dir='ltr'>tamen</span> <span class='ocrx_word' id='word_1_150' title='bbox 2435 2848 2800 2938; x_wconf 86' lang='lat' dir='ltr'>praecipue,</span> 
     </span>
     <span class='ocr_line' id='line_1_24' title="bbox 781 2952 2807 3046; baseline 0.001 -27"><span class='ocrx_word' id='word_1_151' title='bbox 781 2952 926 3020; x_wconf 88' lang='lat' dir='ltr'>sive</span> <span class='ocrx_word' id='word_1_152' title='bbox 955 2953 1140 3040; x_wconf 88' lang='lat' dir='ltr'>quod</span> <span class='ocrx_word' id='word_1_153' title='bbox 1174 2975 1311 3022; x_wconf 91' lang='lat' dir='ltr'>non</span> <span class='ocrx_word' id='word_1_154' title='bbox 1339 2955 1578 3024; x_wconf 89' lang='lat' dir='ltr'>eadem</span> <span class='ocrx_word' id='word_1_155' title='bbox 1610 2962 1950 3026; x_wconf 88' lang='lat' dir='ltr'>vetustate</span> <span class='ocrx_word' id='word_1_156' title='bbox 1978 2963 2183 3046; x_wconf 85' lang='lat' dir='ltr'>atque</span> <span class='ocrx_word' id='word_1_157' title='bbox 2215 2956 2327 3023; x_wconf 90' lang='lat' dir='ltr'>alii</span> <span class='ocrx_word' id='word_1_158' title='bbox 2372 2955 2807 3024; x_wconf 89' lang='lat' dir='ltr'>commenda-</span> 
     </span>
     <span class='ocr_line' id='line_1_25' title="bbox 781 3057 2808 3153; baseline 0.001 -28"><span class='ocrx_word' id='word_1_159' title='bbox 781 3057 1054 3142; x_wconf 89' lang='lat' dir='ltr'>bantur,</span> <span class='ocrx_word' id='word_1_160' title='bbox 1104 3063 1250 3131; x_wconf 89' lang='lat' dir='ltr'>sive</span> <span class='ocrx_word' id='word_1_161' title='bbox 1279 3063 1465 3152; x_wconf 86' lang='lat' dir='ltr'>quod</span> <span class='ocrx_word' id='word_1_162' title='bbox 1499 3063 1861 3153; x_wconf 89' lang='lat' dir='ltr'>populares</span> <span class='ocrx_word' id='word_1_163' title='bbox 1892 3063 2074 3144; x_wconf 88' lang='lat' dir='ltr'>facti,</span> <span class='ocrx_word' id='word_1_164' title='bbox 2110 3069 2177 3130; x_wconf 92' lang='lat' dir='ltr'>et</span> <span class='ocrx_word' id='word_1_165' title='bbox 2209 3063 2609 3152; x_wconf 85' lang='lat' dir='ltr'>quotidiano</span> <span class='ocrx_word' id='word_1_166' title='bbox 2650 3062 2808 3130; x_wconf 83' lang='lat' dir='ltr'>vitae</span> 
     </span>
     <span class='ocr_line' id='line_1_26' title="bbox 781 3167 2801 3258; baseline -0 -24"><span class='ocrx_word' id='word_1_167' title='bbox 781 3169 1188 3237; x_wconf 89' lang='lat' dir='ltr'>commercio</span> <span class='ocrx_word' id='word_1_168' title='bbox 1217 3170 1524 3250; x_wconf 85' lang='lat' dir='ltr'>admixti,</span> <span class='ocrx_word' id='word_1_169' title='bbox 1557 3170 1816 3237; x_wconf 92' lang='lat' dir='ltr'>comico</span> <span class='ocrx_word' id='word_1_170' title='bbox 1846 3170 2127 3258; x_wconf 89' lang='lat' dir='ltr'>propius</span> <span class='ocrx_word' id='word_1_171' title='bbox 2156 3168 2567 3237; x_wconf 87' lang='lat' dir='ltr'>accedebant</span> <span class='ocrx_word' id='word_1_172' title='bbox 2592 3167 2801 3257; x_wconf 86' lang='lat' dir='ltr'>operi.</span> 
     </span>
     <span class='ocr_line' id='line_1_27' title="bbox 781 3276 2807 3368; baseline -0.001 -24"><span class='ocrx_word' id='word_1_173' title='bbox 781 3279 879 3346; x_wconf 90' lang='lat' dir='ltr'>Ne</span> <span class='ocrx_word' id='word_1_174' title='bbox 931 3297 968 3344; x_wconf 87' lang='lat' dir='ltr'>a</span> <span class='ocrx_word' id='word_1_175' title='bbox 1022 3279 1188 3346; x_wconf 85' lang='lat' dir='ltr'>Jove</span> <span class='ocrx_word' id='word_1_176' title='bbox 1240 3279 1393 3368; x_wconf 92' lang='lat' dir='ltr'>ipso</span> <span class='ocrx_word' id='word_1_177' title='bbox 1430 3282 1480 3358; x_wconf 85' lang='lat'>3,</span> <span class='ocrx_word' id='word_1_178' title='bbox 1543 3276 1859 3366; x_wconf 88' lang='lat' dir='ltr'>Apolline</span> <span class='ocrx_word' id='word_1_179' title='bbox 1923 3282 1993 3344; x_wconf 91' lang='lat' dir='ltr'>et</span> <span class='ocrx_word' id='word_1_180' title='bbox 2050 3277 2349 3344; x_wconf 89' lang='lat' dir='ltr'>Minerva</span> <span class='ocrx_word' id='word_1_181' title='bbox 2417 3277 2807 3345; x_wconf 82' lang='lat' dir='ltr'>Graecorum</span> 
     </span>
     <span class='ocr_line' id='line_1_28' title="bbox 779 3382 2833 3475; baseline -0.003 -20"><span class='ocrx_word' id='word_1_182' title='bbox 779 3401 1041 3475; x_wconf 72' lang='grc' dir='ltr'>πατρῴοις</span> <span class='ocrx_word' id='word_1_183' title='bbox 1079 3384 1209 3452; x_wconf 89' lang='lat' dir='ltr'>diis</span> <span class='ocrx_word' id='word_1_184' title='bbox 1248 3391 1316 3452; x_wconf 88' lang='lat' dir='ltr'>et</span> <span class='ocrx_word' id='word_1_185' title='bbox 1345 3385 1633 3454; x_wconf 89' lang='lat' dir='ltr'>Athenis</span> <span class='ocrx_word' id='word_1_186' title='bbox 1664 3382 1961 3450; x_wconf 86' lang='lat' dir='ltr'>maxima</span> <span class='ocrx_word' id='word_1_187' title='bbox 1995 3404 2152 3451; x_wconf 89' lang='lat' dir='ltr'>cum</span> <span class='ocrx_word' id='word_1_188' title='bbox 2200 3384 2644 3452; x_wconf 84' lang='lat' dir='ltr'>veneratione</span> <span class='ocrx_word' id='word_1_189' title='bbox 2684 3384 2833 3450; x_wconf 42' lang='lat' dir='ltr'>ha-‘</span> 
     </span>
    </p>
   </div>
   <div class='ocr_carea' id='block_1_3' title="bbox 785 3664 2815 4136">
    <p class='ocr_par' dir='ltr' id='par_1_4' title="bbox 790 3664 2809 3796">
     <span class='ocr_line' id='line_1_29' title="bbox 844 3664 2809 3728; baseline -0.001 -16"><span class='ocrx_word' id='word_1_190' title='bbox 844 3666 862 3701; x_wconf 79' lang='lat'><strong>1</strong></span> <span class='ocrx_word' id='word_1_191' title='bbox 889 3665 995 3724; x_wconf 78' lang='lat' dir='ltr'>Av.‚</span> <span class='ocrx_word' id='word_1_192' title='bbox 1029 3669 1162 3716; x_wconf 86' lang='grc'><strong>1565.</strong></span> <span class='ocrx_word' id='word_1_193' title='bbox 1186 3670 1326 3728; x_wconf 63' lang='lat' dir='ltr'>Pax„</span> <span class='ocrx_word' id='word_1_194' title='bbox 1355 3669 1430 3713; x_wconf 87' lang='lat'>39.</span> <span class='ocrx_word' id='word_1_195' title='bbox 1452 3664 1692 3721; x_wconf 63' lang='lat' dir='ltr'>Aeliam..</span> <span class='ocrx_word' id='word_1_196' title='bbox 1718 3664 1824 3712; x_wconf 80' lang='lat'><strong>794.</strong></span> <span class='ocrx_word' id='word_1_197' title='bbox 1849 3665 2031 3726; x_wconf 59' lang='lat' dir='ltr'>liquit„</span> <span class='ocrx_word' id='word_1_198' title='bbox 2056 3665 2162 3710; x_wconf 84' lang='grc'>562.</span> <span class='ocrx_word' id='word_1_199' title='bbox 2189 3666 2297 3720; x_wconf 79' lang='grc' dir='ltr'>Λυ.,</span> <span class='ocrx_word' id='word_1_200' title='bbox 2324 3666 2443 3711; x_wconf 89' lang='grc'><strong>1200</strong></span> <span class='ocrx_word' id='word_1_201' title='bbox 2459 3667 2627 3722; x_wconf 84' lang='lat' dir='ltr'>etseq.</span> <span class='ocrx_word' id='word_1_202' title='bbox 2664 3665 2809 3724; x_wconf 63' lang='grc' dir='ltr'><em>νειμ,</em></span> 
     </span>
     <span class='ocr_line' id='line_1_30' title="bbox 790 3745 1343 3796; baseline -0.009 0"><span class='ocrx_word' id='word_1_203' title='bbox 790 3749 895 3796; x_wconf 78' lang='grc'><strong>123.</strong></span> <span class='ocrx_word' id='word_1_204' title='bbox 933 3745 1080 3794; x_wconf 80' lang='lat' dir='ltr'>Plut..</span> <span class='ocrx_word' id='word_1_205' title='bbox 1109 3745 1343 3794; x_wconf 80' lang='lat'><strong>643-747.</strong></span> 
     </span>
    </p>

    <p class='ocr_par' dir='ltr' id='par_1_5' title="bbox 785 3822 2814 3966">
     <span class='ocr_line' id='line_1_31' title="bbox 844 3822 2814 3888; baseline -0.002 -14"><span class='ocrx_word' id='word_1_206' title='bbox 844 3825 868 3862; x_wconf 78' lang='lat'>²</span> <span class='ocrx_word' id='word_1_207' title='bbox 895 3829 1042 3884; x_wconf 70' lang='lat' dir='ltr'>Rau..</span> <span class='ocrx_word' id='word_1_208' title='bbox 1083 3828 1286 3888; x_wconf 80' lang='lat' dir='ltr'>passim.</span> <span class='ocrx_word' id='word_1_209' title='bbox 1332 3828 1479 3881; x_wconf 62' lang='lat' dir='ltr'>Pax„</span> <span class='ocrx_word' id='word_1_210' title='bbox 1514 3828 1603 3873; x_wconf 97' lang='grc'>180</span> <span class='ocrx_word' id='word_1_211' title='bbox 1632 3829 1680 3874; x_wconf 78' lang='lat' dir='ltr'>et</span> <span class='ocrx_word' id='word_1_212' title='bbox 1702 3839 1805 3884; x_wconf 82' lang='lat' dir='ltr'>seq.</span> <span class='ocrx_word' id='word_1_213' title='bbox 1846 3824 1993 3882; x_wconf 63' lang='lat' dir='ltr'>Plut„</span> <span class='ocrx_word' id='word_1_214' title='bbox 2029 3826 2148 3873; x_wconf 88' lang='grc'><strong>1097</strong></span> <span class='ocrx_word' id='word_1_215' title='bbox 2178 3828 2228 3871; x_wconf 77' lang='lat' dir='ltr'>et</span> <span class='ocrx_word' id='word_1_216' title='bbox 2274 3837 2377 3883; x_wconf 77' lang='lat' dir='ltr'>seq.</span> <span class='ocrx_word' id='word_1_217' title='bbox 2436 3822 2636 3880; x_wconf 61' lang='lat' dir='ltr'>Thecm„</span> <span class='ocrx_word' id='word_1_218' title='bbox 2677 3825 2814 3872; x_wconf 90' lang='grc'><strong>1202.</strong></span> 
     </span>
     <span class='ocr_line' id='line_1_32' title="bbox 785 3907 2053 3966; baseline -0.004 -10"><span class='ocrx_word' id='word_1_219' title='bbox 785 3911 934 3963; x_wconf 62' lang='lat' dir='ltr'>Rem„</span> <span class='ocrx_word' id='word_1_220' title='bbox 969 3909 1026 3954; x_wconf 83' lang='lat'>38</span> <span class='ocrx_word' id='word_1_221' title='bbox 1055 3910 1240 3966; x_wconf 59' lang='lat' dir='ltr'>etseq„</span> <span class='ocrx_word' id='word_1_222' title='bbox 1269 3907 1358 3954; x_wconf 81' lang='grc'>465</span> <span class='ocrx_word' id='word_1_223' title='bbox 1387 3910 1560 3966; x_wconf 80' lang='lat' dir='ltr'>etseq.</span> <span class='ocrx_word' id='word_1_224' title='bbox 1582 3908 1693 3962; x_wconf 68' lang='lat' dir='ltr'>Ao..</span> <span class='ocrx_word' id='word_1_225' title='bbox 1728 3908 1848 3954; x_wconf 83' lang='grc'>1565</span> <span class='ocrx_word' id='word_1_226' title='bbox 1877 3910 1924 3954; x_wconf 87' lang='lat' dir='ltr'>et</span> <span class='ocrx_word' id='word_1_227' title='bbox 1950 3919 2053 3964; x_wconf 75' lang='lat' dir='ltr'>seq.</span> 
     </span>
    </p>

    <p class='ocr_par' dir='ltr' id='par_1_6' title="bbox 787 3984 2815 4136">
     <span class='ocr_line' id='line_1_33' title="bbox 845 3984 2815 4048; baseline -0.003 -12"><span class='ocrx_word' id='word_1_228' title='bbox 845 3989 870 4024; x_wconf 79' lang='grc'><strong>3</strong></span> <span class='ocrx_word' id='word_1_229' title='bbox 895 3991 1042 4044; x_wconf 64' lang='lat' dir='ltr'>Pax„</span> <span class='ocrx_word' id='word_1_230' title='bbox 1078 3990 1185 4034; x_wconf 88' lang='grc'><strong>722.</strong></span> <span class='ocrx_word' id='word_1_231' title='bbox 1218 3989 1323 4042; x_wconf 59' lang='lat' dir='ltr'>Aa,</span> <span class='ocrx_word' id='word_1_232' title='bbox 1352 3988 1458 4034; x_wconf 83' lang='lat'><strong>476.</strong></span> <span class='ocrx_word' id='word_1_233' title='bbox 1501 3987 1647 4048; x_wconf 84' lang='lat' dir='ltr'>Nub.,</span> <span class='ocrx_word' id='word_1_234' title='bbox 1685 3989 1774 4033; x_wconf 86' lang='grc'>365</span> <span class='ocrx_word' id='word_1_235' title='bbox 1800 3990 1848 4033; x_wconf 86' lang='lat' dir='ltr'>et</span> <span class='ocrx_word' id='word_1_236' title='bbox 1885 3999 1986 4044; x_wconf 79' lang='lat' dir='ltr'>seq.</span> <span class='ocrx_word' id='word_1_237' title='bbox 2019 3984 2167 4038; x_wconf 60' lang='lat' dir='ltr'>mut„</span> <span class='ocrx_word' id='word_1_238' title='bbox 2192 3988 2249 4032; x_wconf 83' lang='lat'>87</span> <span class='ocrx_word' id='word_1_239' title='bbox 2291 3989 2338 4032; x_wconf 79' lang='lat' dir='ltr'>et</span> <span class='ocrx_word' id='word_1_240' title='bbox 2365 3998 2490 4044; x_wconf 80' lang='lat' dir='ltr'>seq.,</span> <span class='ocrx_word' id='word_1_241' title='bbox 2522 3984 2608 4032; x_wconf 80' lang='grc'>124</span> <span class='ocrx_word' id='word_1_242' title='bbox 2635 3990 2684 4032; x_wconf 84' lang='lat' dir='ltr'>et</span> <span class='ocrx_word' id='word_1_243' title='bbox 2710 3998 2815 4044; x_wconf 81' lang='lat' dir='ltr'>seq.</span> 
     </span>
     <span class='ocr_line' id='line_1_34' title="bbox 787 4067 2815 4136; baseline -0.003 -18"><span class='ocrx_word' id='word_1_244' title='bbox 787 4073 854 4126; x_wconf 81' lang='lat' dir='ltr'>De</span> <span class='ocrx_word' id='word_1_245' title='bbox 881 4069 1127 4129; x_wconf 79' lang='lat' dir='ltr'>Apolline,</span> <span class='ocrx_word' id='word_1_246' title='bbox 1161 4083 1208 4116; x_wconf 88' lang='lat' dir='ltr'>v.</span> <span class='ocrx_word' id='word_1_247' title='bbox 1237 4067 1386 4120; x_wconf 64' lang='lat' dir='ltr'>plut„</span> <span class='ocrx_word' id='word_1_248' title='bbox 1420 4070 1446 4122; x_wconf 86' lang='lat'><strong>7</strong></span> <span class='ocrx_word' id='word_1_249' title='bbox 1475 4072 1646 4136; x_wconf 82' lang='lat' dir='ltr'>etseq.</span> <span class='ocrx_word' id='word_1_250' title='bbox 1679 4067 1751 4116; x_wconf 80' lang='lat' dir='ltr'>Cf.</span> <span class='ocrx_word' id='word_1_251' title='bbox 1786 4070 1862 4114; x_wconf 88' lang='grc'>39.</span> <span class='ocrx_word' id='word_1_252' title='bbox 1893 4068 1957 4112; x_wconf 88' lang='lat' dir='ltr'>De</span> <span class='ocrx_word' id='word_1_253' title='bbox 1980 4067 2210 4127; x_wconf 77' lang='lat' dir='ltr'>Minerva,</span> <span class='ocrx_word' id='word_1_254' title='bbox 2248 4067 2432 4128; x_wconf 61' lang='lat' dir='ltr'>Equit„</span> <span class='ocrx_word' id='word_1_255' title='bbox 2470 4068 2590 4113; x_wconf 89' lang='grc'><strong>1080</strong></span> <span class='ocrx_word' id='word_1_256' title='bbox 2631 4070 2680 4112; x_wconf 86' lang='lat' dir='ltr'>et</span> <span class='ocrx_word' id='word_1_257' title='bbox 2712 4079 2815 4124; x_wconf 84' lang='lat' dir='ltr'>seq.</span> 
     </span>
    </p>
   </div>
   <div class='ocr_carea' id='block_1_4' title="bbox 786 4152 1214 4217">
    <p class='ocr_par' dir='ltr' id='par_1_7' title="bbox 786 4152 1214 4217">
     <span class='ocr_line' id='line_1_35' title="bbox 786 4152 1214 4217; baseline -0.007 -19"><span class='ocrx_word' id='word_1_258' title='bbox 786 4152 896 4208; x_wconf 55' lang='lat' dir='ltr'>Aa,</span> <span class='ocrx_word' id='word_1_259' title='bbox 918 4153 1009 4197; x_wconf 80' lang='lat'>828</span> <span class='ocrx_word' id='word_1_260' title='bbox 1039 4152 1087 4197; x_wconf 80' lang='lat' dir='ltr'>et</span> <span class='ocrx_word' id='word_1_261' title='bbox 1111 4161 1214 4217; x_wconf 68' lang='lat' dir='ltr'>seq.</span> 
     </span>
    </p>
   </div>
   <div class='ocr_carea' id='block_1_5' title="bbox 3133 126 3138 719">
    <p class='ocr_par' dir='ltr' id='par_1_8' title="bbox 3133 126 3138 719">
     <span class='ocr_line' id='line_1_36' title="bbox 3133 126 3138 719; baseline 0 0"><span class='ocrx_word' id='word_1_262' title='bbox 3133 126 3138 719; x_wconf 95' lang='lat' dir='ltr'> </span> 
     </span>
    </p>
   </div>
  </div>
 </body>
</html>
