3167 5125
1231 514 1520 569 ..63—

359 634 524 703 teris
559 634 928 702 comoediae
963 641 1279 704 auctores
1309 635 1599 728 ridiculo
1626 630 2232 727 impugnaverunt,
2276 639 2392 708 bo-

359 762 607 809 norum
637 763 908 809 morum
937 764 1102 811 cura
1131 748 1200 811 et
1245 744 1424 811 civili
1475 744 1941 814 sollicitudine
1980 746 2191 814 ducti.
2237 748 2389 816 Non

360 856 586 939 potest
614 849 909 918 dubitari
951 850 1262 937 Cybeles,
1309 850 1671 931 Adonidis,
1702 852 1981 931 Sabazii,
2026 854 2387 923 Bendidis-

359 976 490 1044 que
521 958 958 1045 orgiasticam
991 958 1396 1047 religionem
1429 958 1797 1027 damnasse
1828 960 2384 1049 Aristophanem,

361 1084 564 1151 quam
590 1064 1124 1153 ,corrumpendis
1147 1065 1395 1132 animis
1430 1066 1859 1154 aptissimam
1884 1070 1952 1133 et
1980 1067 2213 1155 patriae
2240 1070 2387 1157 pie-

363 1172 482 1238 tati
533 1171 898 1247 adversam
931 1170 1302 1259 judicabat.
1348 1173 1508 1249 Quae
1547 1192 1753 1260 supra
1786 1172 2145 1241 attulimus
2205 1174 2388 1263 frag·

364 1284 598 1345 menta
631 1285 700 1345 et
728 1279 1238 1346 commentariis
1290 1278 1889 1367 amplificavimus‚
1928 1297 2065 1347 non
2095 1282 2389 1369 amplio-

361 1406 507 1453 rem
537 1385 650 1451 hic
679 1386 1040 1473 requirunt
1075 1385 1647 1475 disputationem;
1688 1406 1816 1475 pro
1866 1387 2231 1455 manifesto
2262 1388 2388 1455 ha-

363 1490 672 1559 bendum
705 1491 836 1560 erit
862 1506 948 1559 veo
999 1493 1224 1560 acrius
1247 1492 1546 1560 comicos
1601 1498 1868 1561 veteres
1897 1492 2005 1561 his
2046 1494 2391 1562 erroribus

361 1596 762 1666 adventitiis
791 1599 1147 1676 institisse,
1185 1598 1372 1687 quod
1415 1598 1685 1667 ridiculi
1719 1599 2002 1667 uberem
2032 1602 2391 1669 materiam

361 1711 430 1773 et
509 1704 675 1773 boni
743 1705 814 1771 in
895 1706 1242 1775 civitatem
1307 1707 1518 1773 animi
1598 1706 1895 1774 testandi
1960 1708 2390 1776 occasionem

363 1811 784 1899 praebebant.
845 1812 1047 1901 Apud
1092 1813 1454 1881 vetustatis
1525 1812 1830 1881 fautores
1876 1814 2215 1882 comoedia
2274 1816 2393 1881 illa

361 1937 496 2005 qua
529 1919 848 1987 Minervae
897 1919 1354 1987 extollebatur
1383 1920 1775 2008 imperium,
1816 1920 2162 1989 infamatis
2196 1922 2391 1992 Asia-

359 2023 510 2091 ticis
546 2025 970 2097 numinibus,
1005 2046 1144 2093 non
1175 2026 1339 2093 artis
1369 2032 1636 2094 tantum
1660 2027 1939 2116 praemia
1968 2027 2089 2095 sed
2116 2025 2389 2117 pietatis

364 2131 776 2199 merebatur.

451 2240 686 2326 Longe
717 2258 878 2307 vero
907 2240 1104 2307 aliter
1140 2240 1627 2308 aestimandum
1654 2234 1763 2307 est'
1796 2239 1883 2309 de
1922 2260 2001 2309 ea
2035 2240 2386 2329 religionis

363 2346 671 2431 mysticae
702 2353 915 2434 parte,
955 2366 1106 2433 quae
1131 2346 1216 2413 ab
1247 2352 1487 2415 octavo
1512 2346 1763 2415 saeculo
1786 2368 1907 2435 per
1934 2348 2221 2415 Atticam
2244 2369 2392 2435 pro-

362 2457 628 2541 pagata,
669 2452 760 2519 ita
793 2452 1137 2521 veteribus
1174 2454 1438 2541 placitis
1464 2460 1572 2521 est
1602 2453 1927 2533 admixta,
1972 2460 2047 2520 ut
2098 2453 2211 2521 vix
2254 2473 2391 2519 me-

362 2563 580 2630 moria
611 2563 955 2652 originum
995 2566 1144 2652 eJ’us
1176 2563 1610 2652 superfuerit,
1649 2584 1803 2652 quae
1858 2569 2092 2631 contra
2140 2563 2393 2630 Aristo-

360 2669 610 2757 phanis
633 2664 964 2759 tempore,
999 2671 1365 2738 altissimas
1407 2671 1669 2738 radices
1721 2671 1790 2738 in
1822 2672 2131 2739 Graecum
2160 2675 2393 2758 egerat

361 2776 587 2843 solum
640 2784 707 2844 et
755 2778 1180 2844 Athenarum
1241 2778 1468 2846 aditus
1525 2777 2085 2867 splendidissimo
2132 2777 2391 2865 templo

360 2882 700 2951 aedificato
739 2903 1112 2973 occupasse
1147 2884 1508 2953 videbatur
1547 2910 1568 2952 :—
1606 2884 2109 2953 Eleusinioi-um
2143 2903 2391 2972 nempe

357 2987 678 3071 ἀθο-Ρῃῑῐ),ι
712 2992 982 3059 Cereris.
1005 2991 1570 3079 Proserpinaeque
1616 3012 1772 3058 cum
1806 2992 2045 3059 Iaccho
2088 2999 2391 3058 secretus

364 3097 612 3164 cultus.
669 3099 794 3164 Hic
853 3117 1248 3186 quanquam
1289 3099 1589 3166 externis
1647 3097 1979 3184 oriundus
2054 3097 2385 3176 fontibuS,

363 3209 519 3290 post
550 3205 816 3272 Persica
845 3203 1024 3272 bella
1065 3225 1204 3272 non
1249 3205 1584 3272 minorem
1624 3205 1691 3270 in
1736 3205 2007 3271 civitate
2036 3221 2238 3291 quam
2266 3222 2390 3269 an-

361 3309 551 3397 tiqua
600 3311 1014 3398 Acropoleos
1043 3312 1326 3378 numina
1366 3310 1673 3379 favorem
1718 3310 2105 3378 obtinuerat
2142 3313 2189 3377 ¹.
2226 3311 2390 3377 Gra-

367 3417 644 3483 vissima
695 3423 859 3484 sunt
925 3417 1318 3485 testimonia
1375 3416 1777 3505 dignitatem
1840 3418 1989 3505 ejus
2042 3417 2393 3505 religionis

367 3522 879 3610 praedicantium
920 3547 933 3589 z
965 3543 1120 3610 quae
1158 3523 1316 3610 quia
1347 3524 1671 3590 omnibus
1698 3531 1861 3590 sunt
1884 3532 2042 3593 nota
2075 3524 2229 3591 etin
2259 3523 2391 3590 alio

363 3628 536 3696 libro
568 3649 608 3695 a
639 3629 838 3696 nobis
880 3629 1211 3718 explicata
1243 3633 1296 3710 2,
1344 3631 2071 3700 commemorationem
2124 3637 2392 3698 tantum

363 3735 475 3802 hic
535 3737 1001 3825 expostulant.
1053 3737 1356 3806 Occurrit
1403 3738 1472 3804 in
1532 3739 1773 3826 primis
1816 3739 2149 3806 Pindarus
2182 3743 2235 3819 3,
2282 3738 2390 3805 cui

419 4020 441 4056 ¹
485 4025 723 4082 Pansam,
752 4021 809 4081 V,
845 4028 928 4082 103
965 4024 1024 4082 X,
1059 4026 1137 4073 31.

414 4100 444 4137 '⁸
481 4103 637 4151 Etude
664 4115 756 4151 sur
789 4102 854 4151 les
881 4099 1096 4162 d6mom,
1128 4108 1234 4154 132.

421 4181 445 4218 ³
477 4185 639 4256 Pium,
689 4185 885 4243 Tltren„
925 4186 986 4234 fr.
1029 4189 1074 4233 7.
1117 4187 1397 4235 Soruocnns
1427 4199 1509 4247 ap.
1545 4187 1816 4244 Plutarch„
1853 4186 1977 4235 And.
2016 4191 2163 4246 poet„
2202 4187 2279 4244 1v‚
2312 4188 2389 4234 21.
