3167 5125
1559 550 1625 565 -
1664 522 1879 579 no·-

695 652 902 717 esset.
961 646 1126 724 Quae
1161 650 1401 714 tamen
1439 645 1592 735 ejus
1656 651 1909 715 contra«
1964 644 2365 737 Euripidem
2406 647 2735 718 luctantis

693 772 884 849 arma
907 773 1062 823 esse
1095 757 1462 842 poterant?
1489 752 1774 843 Propter
1807 754 1972 823 vitae
2008 754 2293 845 privatae
2314 756 2729 837 castitatem,

695 878 935 929 ausam
963 857 1225 926 nullam
1243 858 1526 927 comicis
1551 858 1900 948 praebebat
1924 858 2211 940 facetiis,
2242 877 2473 948 neque
2493 878 2580 927 eo
2606 879 2733 927 noe

699 968 888 1036 mine
915 964 1000 1035 ab
1029 964 1488 1055 Aristophane
1529 970 1737 1053 atque
1778 964 1929 1033 aliis
1954 964 2211 1055 petitus
2238 971 2387 1046 est;
2442 964 2533 1034 ob
2564 964 2731 1033 artis

697 1080 968 1143 tantum
999 1072 1184 1153 vitia,
1223 1072 1376 1141 sive
1407 1092 1570 1140 vera
1587 1072 1737 1142 sive
1762 1067 2270 1152 commentitia,
2302 1078 2573 1163 poterat
2602 1078 2730 1141 tra·

696 1181 876 1249 duci.
911 1180 1056 1259 Quo
1085 1180 1156 1246 in
1183 1178 1498 1269 opereab
1529 1184 2075 1247 Achammrwm
2104 1178 2337 1247 fabula
2388 1198 2613 1268 usque
2636 1177 2728 1247 ad

709 1290 1418 1371 mesmophoriazusas
1473 1284 1565 1353 ita
1628 1284 2003 1354 elaboravit
2065 1286 2589 1379 Aristophanes,
2642 1292 2728 1354 ut

699 1414 860 1464 eum
896 1413 1106 1483 quem
1138 1394 1209 1460 in
1241 1392 1484 1462 ceteris
1521 1390 1757 1460 multis
1783 1392 2185 1461 mutabilem
2212 1398 2420 1481 atque
2444 1394 2725 1464 incons-

697 1508 956 1571 tantem
989 1500 1312 1582 vidimus,
1370 1501 1442 1569 in
1493 1500 1627 1569 hoc
1666 1500 1909 1568 saltem
1948 1501 2313 1569 immotum
2358 1506 2431 1570 et
2480 1520 2719 1570 secum

696 1606 1107 1679 concordem
1137 1606 1362 1678 dicere
1389 1607 1647 1677 liceret.
1710 1607 1861 1675 Non
1902 1606 2012 1675 hic
2060 1606 2230 1677 libet
2282 1626 2367 1679 ea
2420 1630 2577 1698 quae
2632 1608 2721 1677 ad

692 1718 1009 1796 formam,
1047 1714 1598 1804 dispositionem,
1628 1714 1890 1802 stylum
1937 1720 2145 1803 atque
2183 1734 2413 1785 mores
2460 1722 2719 1807 tragoe-

694 1822 966 1893 diarum
985 1822 1333 1919 pertinent
1363 1822 1651 1890 crimina
1699 1820 1963 1889 diluere
2008 1827 2129 1890 aut
2179 1842 2465 1912 urgere;
2510 1843 2717 1893 nemo

692 1950 832 1999 non
865 1930 1160 1999 fateatur
1189 1948 1471 1999 necesse
1497 1934 1612 1997 est
1644 1948 1726 1997 ex
1748 1928 1861 1997 his
1900 1929 2120 1996 multa
2156 1931 2431 2020 egregie
2462 1930 2719 2000 vidisse

661 2027 758 2106 'et
803 2036 1286 2125 perstrinxisse
1305 2036 1861 2125 Aristophanem,
1895 2036 1967 2103 in
1988 2035 2139 2105 aliis
2178 2058 2457 2126 aequum
2488 2058 2715 2107 exces-

691 2145 864 2213 sisse
895 2141 1206 2223 modum,
1238 2141 1476 2231 sed4ita
1515 2161 1791 2232 semper
1817 2148 1893 2210 ut
1920 2162 2004 2211 ex
2028 2143 2371 2233 Euripidis
2400 2144 2517 2213 illa
2550 2164 2713 2214 cen·-

687 2272 848 2322 sura
873 2252 1203 2341 optimam
1235 2248 1502 2318 ridiculi
1531 2249 1797 2339 copiam
1838 2250 2164 2319 hauriret.
2206 2250 2387 2319 Illud
2414 2271 2548 2321 nos
2577 2270 2716 2321 ma-

685 2360 792 2449 gis
832 2363 1086 2439 movet,
1112 2358 1274 2447 quia
1304 2355 1584 2426 tandem
1618 2357 1688 2424 in
1728 2377 1809 2426 eo
1857 2358 2337 2447 Aristophanis
2382 2360 2713 2449 interpre-

688 2472 793 2535 tes
822 2464 1231 2552 commorari
1263 2463 1515 2546 solent,
1559 2464 1817 2534 scilicet
1852 2462 2195 2554 Euripidis
2222 2464 2652 2559 impietatem
2674 2484 2713 2533 a

683 2575 946 2643 comico
977 2567 1190 2642 fuisse
1221 2572 1635 2654 lacessitam,
1666 2577 1735 2641 et
1772 2571 2059 2641 deorum
2085 2592 2343 2655 curam,
2378 2594 2555 2662 quos
2580 2581 2712 2642 tra-

691 2682 885 2772 gicus
923 2680 1187 2770 respuit
1213 2684 1331 2748 aut
1373 2680 1887 2762 contaminavit,
1932 2681 2261 2750 acerrime
2288 2679 2705 2771 susoe’ptam.

771 2788 836 2856 Si
872 2787 959 2854 ad
1007 2785 1488 2877 Aristophanis
1527 2784 1764 2867 libros,
1802 2786 2135 2876 neglectis
2196 2789 2710 2858 commentariis

681 2902 750 2963 et
780 2890 1485 2984 interpretationibus,
1529 2913 1659 2960 nos
1690 2892 2076 2974 referimus,
2112 2899 2183 2962 et
2218 2894 2554 2964 irrisionis
2584 2897 2711 2965 Eu-

681 3000 918 3093 ripidis
947 2999 1362 3090 requirimus
1417 2999 1851 3080 documenta,
1901 3000 2073 3068 illud
2122 3000 2273 3070 luce
2308 3002 2561 3070 clarius
2586 3021 2709 3092 ap-

678 3107 965 3199 parebit,
1013 3105 1542 3196 Aristophanem
1575 3127 1752 3196 peue
1800 3107 2051 3196 tragica
2100 3107 2463 3197 abreptum
2486 3109 2707 3178 vehe—

678 3216 940 3284 mentia
994 3216 1067 3283 vin
1121 3233 1394 3282 morum
1445 3218 1914 3302 corruptorem
1954 3233 2108 3282 esse
2145 3215 2497 3284 invectum
2521 3270 2539 3297 ,
2596 3217 2705 3284 vix

677 3323 750 3391 in
784 3323 1072 3391 transitu
1103 3327 1306 3410 atque
1356 3319 1604 3389 leniter
1657 3320 1729 3386 in
1786 3318 2083 3388 deorum·
2125 3327 2702 3414 contemptorem.

675 3429 870 3508 Quod
919 3430 977 3498 si
1012 3429 1221 3520 justis
1257 3426 1679 3518 ponderibus
1715 3425 2057 3517 Euripidis
2106 3430 2517 3500 aestimasset
2566 3438 2702 3500 tra-

672 3536 999 3629 goediam,
1033 3535 1371 3608 contrario
1399 3534 1644 3602 fuisset
1660 3532 1921 3624 judicio
1943 3555 2115 3604 usus
2152 3559 2167 3602 ε
2202 3536 2471 3604 nullam
2516 3538 2703 3606 enim

670 3645 1004 3736 privatam
1074 3642 1553 3733 publicamque
1606 3641 1903 3731 reperire
1960 3647 2068 3710 est
2119 3641 2449 3711 virtutem
2492 3663 2703 3732 quam

668 3751 967 3842 tragicus
997 3749 1320 3842 operibus
1350 3749 1496 3817 suis
1525 3768 1669 3816 non
1693 3747 2039 3831 extulerit,
2080 3750 2699 3833 commendaverit,

668 3858 1130 3938 exornaverit,
1170 3875 1388 3946 quum
1419 3858 1658 3924 contra
1676 3855 1747 3921 in
1788 3853 2216 3924 illustrandis
2254 3860 2573 3926 veterum
2601 3856 2703 3926 fa-

667 3965 850 4034 bulis
874 3971 1080 4054 atque
1107 3960 1546 4042 renovandis,
1580 3959 1869 4030 deorum
1906 3962 2101 4044 ‘vices
2141 3967 2211 4031 et
2263 3955 2561 4033 heroum
2590 3964 2701 4031 in-

665 4073 966 4141 fortunia
996 4069 1348 4162 tragoediis
1369 4067 1837 4159 praetexendo,
1864 4089 2007 4138 non
2029 4070 2457 4160 Anaxagora
2481 4067 2701 4148 modo

665 4185 734 4250 et
767 4177 1234 4270 sophistarum
1264 4175 1396 4252 fuit
1425 4174 1829 4264 discipulus,
1854 4174 1976 4244 sed
2002 4176 2450 4266 Xenophanis
2466 4188 2699 4248 acrem
