3167 5125
1578 488 1859 544 ...2⁴-

703 638 942 690 causas
991 617 1250 709 praebet
1295 622 1364 685 et
1407 612 1790 684 desidentis
1836 613 2188 705 religionis
2233 612 2471 684 haberi
2504 618 2735 704 potest

706 725 1204 798 testimonium.
2366 794 2371 807 ,

789 834 1026 923 Itaque
1075 831 1362 910 comici,
1439 830 1727 899 deorum
1807 848 2297 919 sacrorumque
2346 828 2733 897 irrisionem

703 938 1232 1010 adhibendoad
1282 941 1508 1029 operis
1555 938 1661 1007 sui
1709 938 2161 1028 propositum,
2215 937 2553 1006 munitam
2590 937 2733 1026 jam

707 1055 909 1117 antea
935 1046 1024 1115 ab
1053 1046 1263 1137 epicis
1288 1047 1468 1115 viam
1492 1052 1657 1115 sunt
1688 1046 1982 1134 ingressi
2010 1052 2078 1113 et
2121 1044 2355 1134 patriae
2385 1044 2737 1135 religionis

699 1153 1100 1225 conditione
1130 1155 1350 1223 abusi.
1391 1156 1821 1243 spectatores
1853 1173 2130 1243 quoque
2160 1152 2505 1221 habebant
2542 1172 2733 1221 cons-

707 1263 848 1331 cios
866 1260 977 1329 vel
999 1261 1230 1350 potius
1255 1267 1568 1329 auctores
1575 1284 1593 1341 ;
1617 1259 1733 1349 qui
1771 1261 1901 1327 nisi
1925 1260 1996 1327 in
2014 1280 2093 1329 ea
2113 1260 2385 1329 licentia
2400 1260 2737 1329 connivis-

711 1376 890 1450 sent,
923 1390 1279 1459 nunquam
1327 1368 1642 1437 futurum
1680 1375 1826 1437 erat
1851 1376 1927 1437 ut
1958 1369 2295 1458 Olympus
2321 1368 2549 1438 omnis
2580 1366 2737 1435 ridi·

705 1477 857 1547 cule
882 1476 1406 1545 deformaretur.
1435 1475 1539 1545 Ad
1569 1476 2061 1546 contumeliam
2093 1482 2355 1547 statuas
2392 1483 2734 1555 truncare,

707 1585 966 1675 templa
1023 1590 1382 1673 penetrare
1445 1586 1729 1665 inceste,
1771 1584 2045 1654 turbare
2106 1604 2296 1653 sacra
2342 1584 2733 1664 insolentia,

707 1678 1176 1761 sacerdotibus
1215 1697 1283 1759 et
1313 1691 1631 1781 choregis
1664 1692 1803 1760 vim
1843 1686 2100 1761 inferre
2142 1691 2431 1783 capitale
2456 1690 2737 1781 quidem

708 1805 874 1880 erat,
905 1805 972 1868 et
1005 1796 1303 1889 graviter
1332 1820 1609 1890 semper
1634 1801 1707 1867 in
1740 1801 1921 1869 hanc
1959 1800 2383 1891 impietatem
2424 1800 2739 1869 saevitum

712 1913 819 1976 est
857 1910 904 1975 ¹.
953 1905 1083 1975 Sed
1123 1906 1285 1995 joci,
1356 1906 1639 1987 facetiae,
1702 1907 2169 1977 cavillationes
2218 1909 2290 1976 in
2338 1907 2506 1977 deos
2566 1928 2744 1981 nun·

710 2033 917 2103 quam
947 2028 1183 2089 ἀσεειίας
1212 2014 1480 2083 crimini
1513 2020 1676 2083 sunt
1706 2021 2074 2104 praetextae.
2115 2016 2537 2105 Philosophi,
2572 2036 2741 2105 poe-

714 2131 823 2202 tae,
871 2128 1176 2190 oratores
1221 2122 1448 2189 omnis
1486 2122 1759 2212 generis
1785 2122 1871 2191 de
1902 2123 2033 2191 dii's
2082 2125 2319 2193 leviter
2348 2132 2467 2191 aut
2494 2124 2746 2191 lascive

715 2235 1092 2320 potuerunt
1138 2228 1500 2310 disserere,
1557 2250 1781 2320 neque
1821 2252 2127 2320 unquam
2160 2232 2429 2322 legibus
2468 2238 2743 2301 cautum

715 2344 821 2406 est
863 2359 951 2407 ne
994 2336 1081 2407 de
1121 2338 1374 2406 divinis
1416 2338 1937 2408 malediceretur
1972 2345 2022 2409 2.
2068 2342 2191 2411 Vel
2229 2342 2459 2431 potius
2497 2362 2650 2430 quae
2675 2342 2745 2409 in

715 2450 866 2539 lege
891 2442 1108 2526 erant,
1149 2447 1423 2516 nonnisi
1454 2448 1637 2516 civili
1676 2448 1835 2518 odio
1876 2449 2225 2519 interdum
2266 2450 2545 2518 fuerunt
2592 2468 2747 2517 evo-

714 2567 884 2638 cata,
923 2564 990 2627 et
1019 2556 1112 2628 ad·
1143 2556 1367 2647 plebis
1403 2556 1763 2626 arbitrium
1796 2556 1865 2626 in
1895 2579 2185 2648 magnos
2214 2558 2395 2628 viros
2430 2563 2455 2606 3
2493 2565 2747 2628 temere

715 2667 1073 2745 intentata,
1116 2663 1304 2753 quod
1332 2685 1415 2731 ex
1447 2665 1773 2733 omnibus
1804 2667 1955 2755 ejus
1992 2667 2215 2735 aetatis
2248 2680 2485 2743 ἀσιειίας
2518 2666 2745 2734 crimi-

720 2771 923 2839 nibus
947 2772 1195 2845 elucet.
1223 2769 1496 2838 Publice
1519 2776 1747 2840 tamen
1772 2792 1893 2860 per
1911 2771 2231 2842 tabernas
2258 2775 2539 2862 viasque
2560 2773 2747 2840 urbis

631 2935 639 2942 .
719 2879 1025 2948 convicia
1065 2879 1136 2946 in
1175 2877 1346 2946 deos
1386 2878 1601 2948 fuisse
1638 2879 1891 2961 audita,
1946 2880 2408 2970 olympiorum
2454 2881 2746 2972 flagItio-

721 3007 875 3054 rum
905 2986 1661 3066 commemorationem,
1689 2987 1800 3054 vel
1828 2987 1896 3054 in
1924 2986 2303 3056 ludibrium
2322 2990 2431 3057 vel
2451 2991 2521 3058 in
2550 3009 2746 3058 excu—

721 3094 1059 3162 sationem
1099 3093 1492 3161 mortalium
1520 3093 1796 3174 factam,
1824 3115 1905 3162 ex
1928 3094 2285 3164 comoediae
2305 3097 2522 3185 ipsius
2552 3097 2749 3166 liber-

722 3209 862 3272 tate
909 3222 1282 3292 possumus
1347 3201 1691 3292 colligere.
1735 3203 1910 3282 Quin
1959 3204 2125 3283 ime,
2166 3204 2236 3270 in
2282 3205 2555 3273 civitate
2596 3226 2749 3293 quae

723 3310 1062 3380 libertatis
1087 3329 1396 3379 amorem
1424 3330 1643 3399 usque
1672 3310 1758 3378 ad
1782 3309 2224 3397 dementiam,
2262 3311 2749 3382 dominationis

786 3531 804 3566 ¹
859 3535 926 3580 De
955 3547 1055 3594 quo
1085 3533 1187 3581 vid.
1223 3537 1509 3593 Boerrismt,
1535 3535 1784 3596 Aristoma.
1806 3537 2081 3595 impunitus
2108 3536 2311 3584 deorum
2334 3537 2587 3597 yemilium
2618 3539 2749 3586 irri-

726 3626 828 3662 sor.

781 3693 806 3728 ²
843 3696 957 3742 Post
985 3697 1289 3754 Anaxagorae
1321 3698 1570 3758 jndicium
1618 3698 1816 3758 scripsit
1846 3697 2005 3758 legem
2036 3697 2313 3758 Diopeitbes
2339 3715 2350 3745 :
2384 3700 2468 3759 (De
2506 3713 2607 3758 quo
2646 3699 2747 3748 vid.

726 3776 813 3822 Ta.
842 3776 998 3831 Kocx,
1025 3776 1088 3823 ad
1115 3778 1296 3838 liquit.⁹
1332 3778 1490 3840 1085.)
1527 3777 1913 3840 Εἰσαγγέλεσθαι
1942 3776 2055 3833 τοὺς
2086 3778 2146 3827 τὰ
2175 3779 2282 3828 θεῖα
2304 3780 2377 3841 μὴ
2414 3779 2691 3840 ,νομίζοντας
2721 3780 2751 3838 ἢ

723 3856 895 3917 λόγους
921 3859 1033 3920 περὶ
1061 3862 1156 3907 τῶν
1191 3859 1465 3923 μεταρσίων
1493 3857 1828 3914 διδάσκοντας.
1858 3858 2029 3919 (Phor.
2062 3861 2193 3914 Per„
2217 3860 2315 3918 32.)
2612 3897 2619 3904 .

695 3977 707 3986 ,
783 3933 808 3968 ⁸
874 3932 1124 3993 Ἀσεὸιίας
1145 3938 1348 3986 fuerunt
1375 3937 1594 3987 accusati
1632 3939 1939 3998 Protagoras,
1978 3939 2315 4000 Anaxagoras,
2353 3942 2572 3991 Socrates
2602 3941 2753 4002 (Pnu-

724 4027 924 4068 uacn..
957 4018 1086 4074 Nic..
1133 4021 1226 4079 23),
1263 4019 1462 4066 Theoi-is
1494 4019 1727 4078 quasdam
1760 4018 2033 4078 (Pmoun,
2069 4017 2232 4080 frag„
2262 4023 2365 4069 136.
2406 4023 2477 4070 Cf.
2529 4024 2754 4072 Psnuno·

725 4109 865 4152 neu„
897 4097 1129 4158 Aristogy„
1175 4102 1212 4153 I,
1246 4100 1342 4158 79),
1377 4099 1579 4159 Aspasia
1606 4099 1795 4157 (Pron,
1834 4095 2029 4154 Per-iol„
2069 4101 2165 4159 32),
2210 4102 2411 4150 Phidias
2454 4102 2617 4165 (ibid.,
2655 4104 2751 4166 31).

723 4177 796 4226 Cf.
825 4179 1061 4233 Comus,
1093 4180 1283 4230 Grieclz.
1319 4178 1605 4236 Guohiohte,
1631 4179 1690 4236 11,
1719 4179 1810 4226 377
1835 4179 1882 4225 et
1908 4189 2011 4240 seq.
