<?xml version="1.0" encoding="UTF-8"?>
<!DOCTYPE html PUBLIC "-//W3C//DTD XHTML 1.0 Transitional//EN"
    "http://www.w3.org/TR/xhtml1/DTD/xhtml1-transitional.dtd">
<html xmlns="http://www.w3.org/1999/xhtml" xml:lang="en" lang="en">
 <head>
  <title>
</title>
<meta http-equiv="Content-Type" content="text/html;charset=utf-8" />
  <meta name='ocr-system' content='tesseract 3.04.00' />
  <meta name='ocr-capabilities' content='ocr_page ocr_carea ocr_par ocr_line ocrx_word'/>
</head>
<body>
  <div class='ocr_page' id='page_1' title='image "./aristophanesimp01hildgoog_0078.png"; bbox 0 0 3167 5125; ppageno 0'>
   <div class='ocr_carea' id='block_1_1' title="bbox 1712 523 1974 581">
    <p class='ocr_par' dir='ltr' id='par_1_1' title="bbox 1712 523 1974 581">
     <span class='ocr_line' id='line_1_1' title="bbox 1712 523 1974 581; baseline -0.008 0"><span class='ocrx_word' id='word_1_1' title='bbox 1712 523 1974 581; x_wconf 75' lang='grc'>“’62”</span> 
     </span>
    </p>
   </div>
   <div class='ocr_carea' id='block_1_2' title="bbox 836 631 2866 844">
    <p class='ocr_par' dir='ltr' id='par_1_2' title="bbox 836 631 2866 844">
     <span class='ocr_line' id='line_1_2' title="bbox 836 631 2866 750; baseline 0.002 -36"><span class='ocrx_word' id='word_1_2' title='bbox 836 631 1318 750; x_wconf 58' lang='lat' dir='ltr'>Aristophanis·</span> <span class='ocrx_word' id='word_1_3' title='bbox 1358 649 1467 717; x_wconf 72' lang='lat' dir='ltr'>vel</span> <span class='ocrx_word' id='word_1_4' title='bbox 1491 649 1878 734; x_wconf 63' lang='lat' dir='ltr'>fabulisvel</span> <span class='ocrx_word' id='word_1_5' title='bbox 1916 649 2304 717; x_wconf 62' lang='lat' dir='ltr'>fabularum</span> <span class='ocrx_word' id='word_1_6' title='bbox 2329 647 2736 738; x_wconf 64' lang='lat' dir='ltr'>*fragmentis</span> <span class='ocrx_word' id='word_1_7' title='bbox 2767 651 2866 718; x_wconf 74' lang='lat' dir='ltr'>ni-</span> 
     </span>
     <span class='ocr_line' id='line_1_3' title="bbox 836 755 2866 844; baseline 0.002 -23"><span class='ocrx_word' id='word_1_8' title='bbox 836 755 934 822; x_wconf 85' lang='lat' dir='ltr'>hil</span> <span class='ocrx_word' id='word_1_9' title='bbox 961 756 1105 823; x_wconf 87' lang='lat' dir='ltr'>erui</span> <span class='ocrx_word' id='word_1_10' title='bbox 1134 775 1337 844; x_wconf 78' lang='lat' dir='ltr'>posse</span> <span class='ocrx_word' id='word_1_11' title='bbox 1368 755 1752 835; x_wconf 85' lang='lat' dir='ltr'>videbatur,</span> <span class='ocrx_word' id='word_1_12' title='bbox 1783 757 1870 823; x_wconf 90' lang='lat' dir='ltr'>ad</span> <span class='ocrx_word' id='word_1_13' title='bbox 1901 756 2233 824; x_wconf 83' lang='lat' dir='ltr'>utramvis</span> <span class='ocrx_word' id='word_1_14' title='bbox 2285 756 2684 844; x_wconf 79' lang='lat' dir='ltr'>opinionem</span> <span class='ocrx_word' id='word_1_15' title='bbox 2707 777 2866 825; x_wconf 88' lang='lat' dir='ltr'>con-</span> 
     </span>
    </p>
   </div>
   <div class='ocr_carea' id='block_1_3' title="bbox 832 859 2863 1252">
    <p class='ocr_par' dir='ltr' id='par_1_3' title="bbox 832 859 2863 1252">
     <span class='ocr_line' id='line_1_4' title="bbox 834 859 2863 954; baseline 0.002 -28"><span class='ocrx_word' id='word_1_16' title='bbox 834 859 1274 954; x_wconf 79' lang='lat' dir='ltr'>firmandam,</span> <span class='ocrx_word' id='word_1_17' title='bbox 1316 860 1502 948; x_wconf 81' lang='lat' dir='ltr'>quod</span> <span class='ocrx_word' id='word_1_18' title='bbox 1562 879 1704 927; x_wconf 91' lang='lat' dir='ltr'>non</span> <span class='ocrx_word' id='word_1_19' title='bbox 1754 861 1984 928; x_wconf 84' lang='lat' dir='ltr'>statim</span> <span class='ocrx_word' id='word_1_20' title='bbox 2031 863 2368 932; x_wconf 84' lang='lat' dir='ltr'>contraria</span> <span class='ocrx_word' id='word_1_21' title='bbox 2417 869 2863 932; x_wconf 86' lang='lat' dir='ltr'>extenuatum</span> 
     </span>
     <span class='ocr_line' id='line_1_5' title="bbox 832 967 2860 1058; baseline 0.002 -25"><span class='ocrx_word' id='word_1_22' title='bbox 832 967 1065 1047; x_wconf 85' lang='lat' dir='ltr'>fuerit,</span> <span class='ocrx_word' id='word_1_23' title='bbox 1104 983 1344 1056; x_wconf 85' lang='lat' dir='ltr'>parum</span> <span class='ocrx_word' id='word_1_24' title='bbox 1400 967 1620 1035; x_wconf 85' lang='lat' dir='ltr'>abfuit</span> <span class='ocrx_word' id='word_1_25' title='bbox 1663 969 1830 1055; x_wconf 87' lang='lat' dir='ltr'>quin</span> <span class='ocrx_word' id='word_1_26' title='bbox 1903 969 2114 1038; x_wconf 78' lang='lat' dir='ltr'>verbo</span> <span class='ocrx_word' id='word_1_27' title='bbox 2153 969 2396 1058; x_wconf 77' lang='lat' dir='ltr'>poet&#39;ae,</span> <span class='ocrx_word' id='word_1_28' title='bbox 2459 971 2626 1038; x_wconf 85' lang='lat' dir='ltr'>satis</span> <span class='ocrx_word' id='word_1_29' title='bbox 2683 991 2860 1040; x_wconf 87' lang='lat' dir='ltr'>com-</span> 
     </span>
     <span class='ocr_line' id='line_1_6' title="bbox 836 1073 2859 1167; baseline 0.002 -26"><span class='ocrx_word' id='word_1_30' title='bbox 836 1073 1045 1142; x_wconf 88' lang='lat' dir='ltr'>modo</span> <span class='ocrx_word' id='word_1_31' title='bbox 1076 1073 1193 1143; x_wconf 88' lang='lat' dir='ltr'>sed</span> <span class='ocrx_word' id='word_1_32' title='bbox 1218 1075 1521 1144; x_wconf 78' lang='lat' dir='ltr'>scientiae</span> <span class='ocrx_word' id='word_1_33' title='bbox 1544 1075 1993 1156; x_wconf 81' lang='lat' dir='ltr'>alienissimo,</span> <span class='ocrx_word' id='word_1_34' title='bbox 2023 1075 2497 1147; x_wconf 83' lang='lat' dir='ltr'>difficultatem</span> <span class='ocrx_word' id='word_1_35' title='bbox 2517 1078 2859 1167; x_wconf 83' lang='lat' dir='ltr'>effugere-</span> 
     </span>
     <span class='ocr_line' id='line_1_7' title="bbox 834 1201 1037 1252; baseline -0.015 -5"><span class='ocrx_word' id='word_1_36' title='bbox 834 1201 994 1252; x_wconf 69' lang='lat' dir='ltr'>mus</span> <span class='ocrx_word' id='word_1_37' title='bbox 1022 1201 1037 1244; x_wconf 72' lang='grc' dir='ltr'><strong>ἶ</strong></span> 
     </span>
    </p>
   </div>
   <div class='ocr_carea' id='block_1_4' title="bbox 1100 1327 2588 1434">
    <p class='ocr_par' dir='ltr' id='par_1_4' title="bbox 1100 1327 2588 1434">
     <span class='ocr_line' id='line_1_8' title="bbox 1100 1327 2588 1434; baseline 0 -18"><span class='ocrx_word' id='word_1_38' title='bbox 1100 1359 1465 1416; x_wconf 83' lang='lat' dir='ltr'>Grammatici</span> <span class='ocrx_word' id='word_1_39' title='bbox 1489 1364 1711 1418; x_wconf 81' lang='lat' dir='ltr'>certant</span> <span class='ocrx_word' id='word_1_40' title='bbox 1735 1365 1792 1418; x_wconf 87' lang='lat' dir='ltr'>et</span> <span class='ocrx_word' id='word_1_41' title='bbox 1829 1363 2018 1418; x_wconf 84' lang='lat' dir='ltr'>adhuc</span> <span class='ocrx_word' id='word_1_42' title='bbox 2043 1363 2144 1419; x_wconf 86' lang='lat' dir='ltr'>suh</span> <span class='ocrx_word' id='word_1_43' title='bbox 2167 1327 2360 1434; x_wconf 79' lang='lat' dir='ltr'>judice</span> <span class='ocrx_word' id='word_1_44' title='bbox 2390 1363 2458 1418; x_wconf 89' lang='lat' dir='ltr'>lis</span> <span class='ocrx_word' id='word_1_45' title='bbox 2487 1367 2588 1419; x_wconf 90' lang='lat' dir='ltr'>est.</span> 
     </span>
    </p>
   </div>
   <div class='ocr_carea' id='block_1_5' title="bbox 817 1574 2856 3802">
    <p class='ocr_par' dir='ltr' id='par_1_5' title="bbox 817 1574 2856 3483">
     <span class='ocr_line' id='line_1_9' title="bbox 918 1574 2855 1670; baseline -0.002 -24"><span class='ocrx_word' id='word_1_46' title='bbox 918 1574 1265 1667; x_wconf 88' lang='lat' dir='ltr'>Opusculo</span> <span class='ocrx_word' id='word_1_47' title='bbox 1318 1580 1545 1643; x_wconf 85' lang='lat' dir='ltr'>tamen</span> <span class='ocrx_word' id='word_1_48' title='bbox 1605 1582 1843 1644; x_wconf 85' lang='lat' dir='ltr'>nostro</span> <span class='ocrx_word' id='word_1_49' title='bbox 1880 1579 2028 1666; x_wconf 89' lang='lat' dir='ltr'>jam</span> <span class='ocrx_word' id='word_1_50' title='bbox 2075 1576 2476 1670; x_wconf 85' lang='lat' dir='ltr'>perscript0‚</span> <span class='ocrx_word' id='word_1_51' title='bbox 2533 1577 2727 1646; x_wconf 82' lang='lat' dir='ltr'>venit</span> <span class='ocrx_word' id='word_1_52' title='bbox 2785 1577 2855 1643; x_wconf 87' lang='lat' dir='ltr'>in</span> 
     </span>
     <span class='ocr_line' id='line_1_10' title="bbox 833 1681 2854 1773; baseline -0.001 -21"><span class='ocrx_word' id='word_1_53' title='bbox 833 1704 1079 1752; x_wconf 88' lang='lat' dir='ltr'>manus</span> <span class='ocrx_word' id='word_1_54' title='bbox 1148 1681 1377 1750; x_wconf 86' lang='lat' dir='ltr'>lucida</span> <span class='ocrx_word' id='word_1_55' title='bbox 1437 1683 1925 1751; x_wconf 88' lang='lat' dir='ltr'>commentatio</span> <span class='ocrx_word' id='word_1_56' title='bbox 1979 1690 2048 1752; x_wconf 85' lang='lat' dir='ltr'>et</span> <span class='ocrx_word' id='word_1_57' title='bbox 2120 1684 2232 1754; x_wconf 85' lang='lat' dir='ltr'>vel</span> <span class='ocrx_word' id='word_1_58' title='bbox 2308 1684 2610 1773; x_wconf 84' lang='lat' dir='ltr'>profanis</span> <span class='ocrx_word' id='word_1_59' title='bbox 2672 1684 2854 1752; x_wconf 93' lang='lat' dir='ltr'>evol-</span> 
     </span>
     <span class='ocr_line' id='line_1_11' title="bbox 829 1789 2851 1878; baseline -0 -20"><span class='ocrx_word' id='word_1_60' title='bbox 829 1789 1058 1858; x_wconf 79' lang='lat' dir='ltr'>venda</span> <span class='ocrx_word' id='word_1_61' title='bbox 1090 1793 1152 1870; x_wconf 79' lang='lat'>¹,</span> <span class='ocrx_word' id='word_1_62' title='bbox 1196 1809 1405 1878; x_wconf 76' lang='lat' dir='ltr'>quam</span> <span class='ocrx_word' id='word_1_63' title='bbox 1448 1789 1509 1857; x_wconf 85' lang='lat' dir='ltr'>si</span> <span class='ocrx_word' id='word_1_64' title='bbox 1550 1797 1756 1859; x_wconf 86' lang='lat' dir='ltr'>antea</span> <span class='ocrx_word' id='word_1_65' title='bbox 1798 1791 2265 1874; x_wconf 82' lang='lat' dir='ltr'>novissemuS,</span> <span class='ocrx_word' id='word_1_66' title='bbox 2320 1791 2496 1858; x_wconf 88' lang='lat' dir='ltr'>hanc</span> <span class='ocrx_word' id='word_1_67' title='bbox 2546 1798 2851 1860; x_wconf 86' lang='lat' dir='ltr'>nostram</span> 
     </span>
     <span class='ocr_line' id='line_1_12' title="bbox 829 1895 2856 1984; baseline -0 -19"><span class='ocrx_word' id='word_1_68' title='bbox 829 1897 1417 1966; x_wconf 77' lang='lat' dir='ltr'>elucubrationem</span> <span class='ocrx_word' id='word_1_69' title='bbox 1472 1917 1704 1984; x_wconf 78' lang='lat' dir='ltr'>aequo,</span> <span class='ocrx_word' id='word_1_70' title='bbox 1762 1895 1962 1964; x_wconf 86' lang='lat' dir='ltr'>alacri</span> <span class='ocrx_word' id='word_1_71' title='bbox 2030 1895 2234 1964; x_wconf 89' lang='lat' dir='ltr'>etiam</span> <span class='ocrx_word' id='word_1_72' title='bbox 2268 1899 2523 1978; x_wconf 87' lang='lat' dir='ltr'>animo,</span> <span class='ocrx_word' id='word_1_73' title='bbox 2559 1897 2856 1964; x_wconf 89' lang='lat' dir='ltr'>flammis</span> 
     </span>
     <span class='ocr_line' id='line_1_13' title="bbox 832 2003 2856 2092; baseline -0.001 -20"><span class='ocrx_word' id='word_1_74' title='bbox 832 2003 1198 2074; x_wconf 81' lang='lat' dir='ltr'>delendam</span> <span class='ocrx_word' id='word_1_75' title='bbox 1240 2003 1838 2072; x_wconf 82' lang='lat' dir='ltr'>mandavissemus</span> <span class='ocrx_word' id='word_1_76' title='bbox 1859 2027 1876 2085; x_wconf 89' lang='lat'>;</span> <span class='ocrx_word' id='word_1_77' title='bbox 1908 2023 2061 2092; x_wconf 69' lang='lat' dir='ltr'>quae</span> <span class='ocrx_word' id='word_1_78' title='bbox 2091 2003 2603 2083; x_wconf 85' lang='lat' dir='ltr'>commentatio,</span> <span class='ocrx_word' id='word_1_79' title='bbox 2640 2025 2856 2092; x_wconf 88' lang='lat' dir='ltr'>quum</span> 
     </span>
     <span class='ocr_line' id='line_1_14' title="bbox 830 2109 2851 2202; baseline -0.001 -22"><span class='ocrx_word' id='word_1_80' title='bbox 830 2112 1306 2202; x_wconf 80' lang='lat' dir='ltr'>Aristophanis</span> <span class='ocrx_word' id='word_1_81' title='bbox 1332 2109 1736 2199; x_wconf 84' lang='lat' dir='ltr'>religionem</span> <span class='ocrx_word' id='word_1_82' title='bbox 1769 2131 1851 2178; x_wconf 90' lang='lat' dir='ltr'>ex</span> <span class='ocrx_word' id='word_1_83' title='bbox 1885 2111 2074 2178; x_wconf 87' lang='lat' dir='ltr'>omni</span> <span class='ocrx_word' id='word_1_84' title='bbox 2127 2118 2320 2200; x_wconf 83' lang='lat' dir='ltr'>parte</span> <span class='ocrx_word' id='word_1_85' title='bbox 2348 2111 2851 2200; x_wconf 83' lang='lat' dir='ltr'>explanandam</span> 
     </span>
     <span class='ocr_line' id='line_1_15' title="bbox 830 2215 2854 2306; baseline -0.002 -19"><span class='ocrx_word' id='word_1_86' title='bbox 830 2223 1023 2288; x_wconf 88' lang='lat' dir='ltr'>curat</span> <span class='ocrx_word' id='word_1_87' title='bbox 1054 2225 1124 2286; x_wconf 91' lang='lat' dir='ltr'>et</span> <span class='ocrx_word' id='word_1_88' title='bbox 1156 2215 1646 2297; x_wconf 86' lang='lat' dir='ltr'>definiendam,</span> <span class='ocrx_word' id='word_1_89' title='bbox 1683 2217 2044 2286; x_wconf 87' lang='lat' dir='ltr'>Eleusiniis</span> <span class='ocrx_word' id='word_1_90' title='bbox 2076 2223 2143 2286; x_wconf 90' lang='lat' dir='ltr'>et</span> <span class='ocrx_word' id='word_1_91' title='bbox 2184 2217 2486 2306; x_wconf 80' lang='lat' dir='ltr'>mysticis</span> <span class='ocrx_word' id='word_1_92' title='bbox 2534 2217 2854 2286; x_wconf 91' lang='lat' dir='ltr'>omnibus</span> 
     </span>
     <span class='ocr_line' id='line_1_16' title="bbox 830 2323 2855 2414; baseline -0.001 -22"><span class='ocrx_word' id='word_1_93' title='bbox 830 2323 1435 2414; x_wconf 69' lang='lat' dir='ltr'>superstitionibus</span> <span class='ocrx_word' id='word_1_94' title='bbox 1490 2345 1573 2392; x_wconf 87' lang='lat' dir='ltr'>ex</span> <span class='ocrx_word' id='word_1_95' title='bbox 1622 2323 1902 2391; x_wconf 88' lang='lat' dir='ltr'>Thracia</span> <span class='ocrx_word' id='word_1_96' title='bbox 1949 2325 2244 2413; x_wconf 76' lang='lat' dir='ltr'>Asiaque</span> <span class='ocrx_word' id='word_1_97' title='bbox 2317 2325 2588 2392; x_wconf 80' lang='lat' dir='ltr'>Graeciae</span> <span class='ocrx_word' id='word_1_98' title='bbox 2650 2325 2855 2390; x_wconf 90' lang='lat' dir='ltr'>illatis</span> 
     </span>
     <span class='ocr_line' id='line_1_17' title="bbox 828 2431 2852 2521; baseline -0.001 -21"><span class='ocrx_word' id='word_1_99' title='bbox 828 2432 1331 2521; x_wconf 85' lang='lat' dir='ltr'>amplissimum</span> <span class='ocrx_word' id='word_1_100' title='bbox 1361 2431 1700 2499; x_wconf 81' lang='lat' dir='ltr'>concessit</span> <span class='ocrx_word' id='word_1_101' title='bbox 1743 2431 1994 2499; x_wconf 92' lang='lat' dir='ltr'>locum.</span> <span class='ocrx_word' id='word_1_102' title='bbox 2029 2433 2320 2501; x_wconf 90' lang='lat' dir='ltr'>Necesse</span> <span class='ocrx_word' id='word_1_103' title='bbox 2352 2435 2456 2498; x_wconf 85' lang='lat' dir='ltr'>est</span> <span class='ocrx_word' id='word_1_104' title='bbox 2485 2431 2691 2520; x_wconf 86' lang='lat' dir='ltr'>igitur</span> <span class='ocrx_word' id='word_1_105' title='bbox 2729 2451 2852 2498; x_wconf 90' lang='lat' dir='ltr'>no-</span> 
     </span>
     <span class='ocr_line' id='line_1_18' title="bbox 828 2537 2851 2629; baseline -0.001 -22"><span class='ocrx_word' id='word_1_106' title='bbox 828 2539 936 2607; x_wconf 83' lang='lat' dir='ltr'>bis</span> <span class='ocrx_word' id='word_1_107' title='bbox 973 2559 1249 2629; x_wconf 87' lang='lat' dir='ltr'>quoquo</span> <span class='ocrx_word' id='word_1_108' title='bbox 1294 2539 1365 2606; x_wconf 89' lang='lat' dir='ltr'>in</span> <span class='ocrx_word' id='word_1_109' title='bbox 1399 2537 1543 2617; x_wconf 74' lang='lat' dir='ltr'>,hac</span> <span class='ocrx_word' id='word_1_110' title='bbox 1601 2539 1982 2627; x_wconf 83' lang='lat' dir='ltr'>quaestione</span> <span class='ocrx_word' id='word_1_111' title='bbox 2026 2538 2286 2607; x_wconf 89' lang='lat' dir='ltr'>diutius</span> <span class='ocrx_word' id='word_1_112' title='bbox 2352 2538 2726 2607; x_wconf 87' lang='lat' dir='ltr'>subsistere</span> <span class='ocrx_word' id='word_1_113' title='bbox 2785 2545 2851 2607; x_wconf 93' lang='lat' dir='ltr'>et</span> 
     </span>
     <span class='ocr_line' id='line_1_19' title="bbox 830 2645 2854 2737; baseline -0 -24"><span class='ocrx_word' id='word_1_114' title='bbox 830 2647 1085 2737; x_wconf 87' lang='lat' dir='ltr'>duplex</span> <span class='ocrx_word' id='word_1_115' title='bbox 1128 2647 1349 2715; x_wconf 84' lang='lat' dir='ltr'>facere</span> <span class='ocrx_word' id='word_1_116' title='bbox 1387 2647 1767 2734; x_wconf 86' lang='lat' dir='ltr'>periculum</span> <span class='ocrx_word' id='word_1_117' title='bbox 1800 2654 1920 2716; x_wconf 90' lang='lat' dir='ltr'>aut</span> <span class='ocrx_word' id='word_1_118' title='bbox 1949 2645 2402 2715; x_wconf 88' lang='lat' dir='ltr'>dissentiendi</span> <span class='ocrx_word' id='word_1_119' title='bbox 2451 2664 2488 2712; x_wconf 90' lang='lat' dir='ltr'>a</span> <span class='ocrx_word' id='word_1_120' title='bbox 2528 2645 2854 2735; x_wconf 85' lang='lat' dir='ltr'>magistro</span> 
     </span>
     <span class='ocr_line' id='line_1_20' title="bbox 831 2753 2854 2843; baseline -0.001 -22"><span class='ocrx_word' id='word_1_121' title='bbox 831 2754 939 2821; x_wconf 89' lang='lat' dir='ltr'>cui</span> <span class='ocrx_word' id='word_1_122' title='bbox 984 2754 1239 2843; x_wconf 76' lang='lat' dir='ltr'>maiora</span> <span class='ocrx_word' id='word_1_123' title='bbox 1271 2772 1478 2842; x_wconf 89' lang='lat' dir='ltr'>quam</span> <span class='ocrx_word' id='word_1_124' title='bbox 1510 2753 1643 2820; x_wconf 85' lang='lat' dir='ltr'>dici</span> <span class='ocrx_word' id='word_1_125' title='bbox 1673 2760 1900 2841; x_wconf 84' lang='lat' dir='ltr'>potest</span> <span class='ocrx_word' id='word_1_126' title='bbox 1930 2753 2286 2835; x_wconf 89' lang='lat' dir='ltr'>debemus,</span> <span class='ocrx_word' id='word_1_127' title='bbox 2318 2758 2854 2841; x_wconf 84' lang='lat' dir='ltr'>autargumenta</span> 
     </span>
     <span class='ocr_line' id='line_1_21' title="bbox 829 2858 2852 2951; baseline -0.001 -23"><span class='ocrx_word' id='word_1_128' title='bbox 829 2861 1179 2949; x_wconf 83' lang='lat' dir='ltr'>eleganter</span> <span class='ocrx_word' id='word_1_129' title='bbox 1218 2860 1424 2927; x_wconf 89' lang='lat' dir='ltr'>simul</span> <span class='ocrx_word' id='word_1_130' title='bbox 1464 2866 1531 2929; x_wconf 90' lang='lat' dir='ltr'>et</span> <span class='ocrx_word' id='word_1_131' title='bbox 1562 2860 1828 2939; x_wconf 84' lang='lat' dir='ltr'>erudite</span> <span class='ocrx_word' id='word_1_132' title='bbox 1860 2860 2041 2929; x_wconf 87' lang='lat' dir='ltr'>edita</span> <span class='ocrx_word' id='word_1_133' title='bbox 2064 2859 2443 2951; x_wconf 90' lang='lat' dir='ltr'>repetendi,</span> <span class='ocrx_word' id='word_1_134' title='bbox 2488 2858 2673 2947; x_wconf 87' lang='lat' dir='ltr'>quod</span> <span class='ocrx_word' id='word_1_135' title='bbox 2717 2878 2852 2926; x_wconf 90' lang='lat' dir='ltr'>non</span> 
     </span>
     <span class='ocr_line' id='line_1_22' title="bbox 827 2966 2850 3056; baseline -0.001 -23"><span class='ocrx_word' id='word_1_136' title='bbox 827 2984 1409 3055; x_wconf 84' lang='lat' dir='ltr'>supervacaneum</span> <span class='ocrx_word' id='word_1_137' title='bbox 1444 2971 1714 3034; x_wconf 87' lang='lat' dir='ltr'>tantum</span> <span class='ocrx_word' id='word_1_138' title='bbox 1753 2967 2099 3056; x_wconf 87' lang='lat' dir='ltr'>plerisque</span> <span class='ocrx_word' id='word_1_139' title='bbox 2131 2966 2252 3035; x_wconf 88' lang='lat' dir='ltr'>sed</span> <span class='ocrx_word' id='word_1_140' title='bbox 2305 2968 2616 3055; x_wconf 89' lang='lat' dir='ltr'>ineptum</span> <span class='ocrx_word' id='word_1_141' title='bbox 2649 2966 2850 3034; x_wconf 88' lang='lat' dir='ltr'>etiam</span> 
     </span>
     <span class='ocr_line' id='line_1_23' title="bbox 817 3072 2851 3162; baseline -0.001 -21"><span class='ocrx_word' id='word_1_142' title='bbox 817 3075 971 3162; x_wconf 88' lang='lat' dir='ltr'>jure</span> <span class='ocrx_word' id='word_1_143' title='bbox 1000 3072 1522 3143; x_wconf 83' lang='lat' dir='ltr'>existimabitur.</span> <span class='ocrx_word' id='word_1_144' title='bbox 1577 3074 1927 3142; x_wconf 88' lang='lat' dir='ltr'>Confessio</span> <span class='ocrx_word' id='word_1_145' title='bbox 1962 3074 2108 3141; x_wconf 83' lang='lat' dir='ltr'>haec</span> <span class='ocrx_word' id='word_1_146' title='bbox 2165 3073 2409 3141; x_wconf 86' lang='lat' dir='ltr'>saltem</span> <span class='ocrx_word' id='word_1_147' title='bbox 2458 3078 2692 3139; x_wconf 89' lang='lat' dir='ltr'>nostra</span> <span class='ocrx_word' id='word_1_148' title='bbox 2739 3092 2851 3139; x_wconf 78' lang='lat' dir='ltr'>ve-</span> 
     </span>
     <span class='ocr_line' id='line_1_24' title="bbox 826 3178 2846 3270; baseline -0.001 -23"><span class='ocrx_word' id='word_1_149' title='bbox 826 3182 1010 3248; x_wconf 89' lang='lat' dir='ltr'>niam</span> <span class='ocrx_word' id='word_1_150' title='bbox 1052 3186 1394 3249; x_wconf 89' lang='lat' dir='ltr'>mereatur</span> <span class='ocrx_word' id='word_1_151' title='bbox 1424 3180 1758 3270; x_wconf 75' lang='lat' dir='ltr'>gregarIO,</span> <span class='ocrx_word' id='word_1_152' title='bbox 1795 3180 1911 3269; x_wconf 88' lang='lat' dir='ltr'>qui</span> <span class='ocrx_word' id='word_1_153' title='bbox 1962 3179 2425 3270; x_wconf 87' lang='lat' dir='ltr'>periculosum</span> <span class='ocrx_word' id='word_1_154' title='bbox 2491 3178 2619 3247; x_wconf 91' lang='lat' dir='ltr'>iter</span> <span class='ocrx_word' id='word_1_155' title='bbox 2658 3179 2846 3245; x_wconf 89' lang='lat' dir='ltr'>solus</span> 
     </span>
     <span class='ocr_line' id='line_1_25' title="bbox 824 3284 2850 3376; baseline -0.003 -20"><span class='ocrx_word' id='word_1_156' title='bbox 824 3289 1201 3376; x_wconf 81' lang='lat' dir='ltr'>ingreSSuS,</span> <span class='ocrx_word' id='word_1_157' title='bbox 1271 3307 1425 3356; x_wconf 88' lang='lat' dir='ltr'>sese</span> <span class='ocrx_word' id='word_1_158' title='bbox 1466 3288 1912 3355; x_wconf 88' lang='lat' dir='ltr'>inventurum</span> <span class='ocrx_word' id='word_1_159' title='bbox 1963 3288 2465 3376; x_wconf 87' lang='lat' dir='ltr'>desperaverat,</span> <span class='ocrx_word' id='word_1_160' title='bbox 2492 3284 2681 3373; x_wconf 89' lang='lat' dir='ltr'>quod</span> <span class='ocrx_word' id='word_1_161' title='bbox 2709 3286 2850 3373; x_wconf 90' lang='lat' dir='ltr'>jam</span> 
     </span>
     <span class='ocr_line' id='line_1_26' title="bbox 824 3390 2844 3483; baseline -0.001 -24"><span class='ocrx_word' id='word_1_162' title='bbox 824 3400 1021 3461; x_wconf 82' lang='lat' dir='ltr'>antea</span> <span class='ocrx_word' id='word_1_163' title='bbox 1046 3413 1087 3459; x_wconf 84' lang='lat' dir='ltr'>a</span> <span class='ocrx_word' id='word_1_164' title='bbox 1114 3393 1433 3482; x_wconf 85' lang='lat' dir='ltr'>praeclaro</span> <span class='ocrx_word' id='word_1_165' title='bbox 1468 3392 1642 3461; x_wconf 90' lang='lat' dir='ltr'>duce</span> <span class='ocrx_word' id='word_1_166' title='bbox 1695 3394 2123 3483; x_wconf 88' lang='lat' dir='ltr'>exploratum</span> <span class='ocrx_word' id='word_1_167' title='bbox 2167 3392 2380 3460; x_wconf 86' lang='lat' dir='ltr'>fuisse</span> <span class='ocrx_word' id='word_1_168' title='bbox 2415 3390 2764 3460; x_wconf 89' lang='lat' dir='ltr'>nesciebat</span> <span class='ocrx_word' id='word_1_169' title='bbox 2795 3392 2844 3456; x_wconf 78' lang='lat'>².</span> 
     </span>
    </p>

    <p class='ocr_par' dir='ltr' id='par_1_6' title="bbox 824 3500 2850 3802">
     <span class='ocr_line' id='line_1_27' title="bbox 915 3500 2846 3589; baseline -0.002 -23"><span class='ocrx_word' id='word_1_170' title='bbox 915 3500 1269 3568; x_wconf 88' lang='lat' dir='ltr'>Distinctio</span> <span class='ocrx_word' id='word_1_171' title='bbox 1310 3500 1609 3589; x_wconf 90' lang='lat' dir='ltr'>primum</span> <span class='ocrx_word' id='word_1_172' title='bbox 1640 3500 1951 3569; x_wconf 87' lang='lat' dir='ltr'>facienda</span> <span class='ocrx_word' id='word_1_173' title='bbox 1993 3507 2100 3569; x_wconf 89' lang='lat' dir='ltr'>est</span> <span class='ocrx_word' id='word_1_174' title='bbox 2150 3501 2327 3567; x_wconf 90' lang='lat' dir='ltr'>inter</span> <span class='ocrx_word' id='word_1_175' title='bbox 2370 3504 2846 3567; x_wconf 82' lang='lat' dir='ltr'>extraneorum</span> 
     </span>
     <span class='ocr_line' id='line_1_28' title="bbox 826 3607 2849 3697; baseline -0 -24"><span class='ocrx_word' id='word_1_176' title='bbox 826 3608 1187 3674; x_wconf 90' lang='lat' dir='ltr'>numinum</span> <span class='ocrx_word' id='word_1_177' title='bbox 1230 3607 1455 3673; x_wconf 85' lang='lat' dir='ltr'>cultus</span> <span class='ocrx_word' id='word_1_178' title='bbox 1508 3614 1576 3674; x_wconf 91' lang='lat' dir='ltr'>et</span> <span class='ocrx_word' id='word_1_179' title='bbox 1627 3607 1929 3675; x_wconf 87' lang='lat' dir='ltr'>invectas</span> <span class='ocrx_word' id='word_1_180' title='bbox 1977 3607 2539 3697; x_wconf 86' lang='lat' dir='ltr'>superstitionum</span> <span class='ocrx_word' id='word_1_181' title='bbox 2572 3625 2849 3695; x_wconf 88' lang='lat' dir='ltr'>persua-</span> 
     </span>
     <span class='ocr_line' id='line_1_29' title="bbox 824 3712 2850 3802; baseline -0 -21"><span class='ocrx_word' id='word_1_182' title='bbox 824 3715 1291 3801; x_wconf 78' lang='lat' dir='ltr'>sioneS.·quas</span> <span class='ocrx_word' id='word_1_183' title='bbox 1334 3733 1467 3780; x_wconf 90' lang='lat' dir='ltr'>non</span> <span class='ocrx_word' id='word_1_184' title='bbox 1500 3713 1994 3802; x_wconf 88' lang='lat' dir='ltr'>Aristophanes</span> <span class='ocrx_word' id='word_1_185' title='bbox 2042 3714 2266 3782; x_wconf 89' lang='lat' dir='ltr'>solum</span> <span class='ocrx_word' id='word_1_186' title='bbox 2299 3712 2421 3782; x_wconf 88' lang='lat' dir='ltr'>sed</span> <span class='ocrx_word' id='word_1_187' title='bbox 2462 3732 2707 3781; x_wconf 92' lang='lat' dir='ltr'>omnes</span> <span class='ocrx_word' id='word_1_188' title='bbox 2735 3732 2850 3782; x_wconf 89' lang='lat' dir='ltr'>ve-</span> 
     </span>
    </p>
   </div>
   <div class='ocr_carea' id='block_1_6' title="bbox 883 3960 2849 4024">
    <p class='ocr_par' dir='ltr' id='par_1_7' title="bbox 883 3960 2849 4024">
     <span class='ocr_line' id='line_1_30' title="bbox 883 3960 2849 4024; baseline -0.001 -14"><span class='ocrx_word' id='word_1_189' title='bbox 883 3962 903 3997; x_wconf 87' lang='lat'>¹</span> <span class='ocrx_word' id='word_1_190' title='bbox 940 3964 981 4011; x_wconf 82' lang='lat' dir='ltr'>J.</span> <span class='ocrx_word' id='word_1_191' title='bbox 1016 3963 1227 4018; x_wconf 64' lang='lat' dir='ltr'>Ginai),</span> <span class='ocrx_word' id='word_1_192' title='bbox 1254 3964 1326 4009; x_wconf 84' lang='lat' dir='ltr'>La</span> <span class='ocrx_word' id='word_1_193' title='bbox 1356 3961 1570 4023; x_wconf 72' lang='lat' dir='ltr'>Reliyion</span> <span class='ocrx_word' id='word_1_194' title='bbox 1607 3962 1740 4011; x_wconf 78' lang='lat' dir='ltr'>dam</span> <span class='ocrx_word' id='word_1_195' title='bbox 1775 3964 2118 4024; x_wconf 70' lang='lat' dir='ltr'>Aristophane.</span> <span class='ocrx_word' id='word_1_196' title='bbox 2162 3966 2310 4011; x_wconf 80' lang='lat' dir='ltr'>Revue</span> <span class='ocrx_word' id='word_1_197' title='bbox 2348 3963 2430 4011; x_wconf 75' lang='lat' dir='ltr'>des</span> <span class='ocrx_word' id='word_1_198' title='bbox 2470 3965 2634 4011; x_wconf 73' lang='lat' dir='ltr'>Deuoe-</span> <span class='ocrx_word' id='word_1_199' title='bbox 2639 3960 2849 4018; x_wconf 68' lang='lat' dir='ltr'>nanda,</span> 
     </span>
    </p>
   </div>
   <div class='ocr_carea' id='block_1_7' title="bbox 826 4042 2844 4266">
    <p class='ocr_par' dir='ltr' id='par_1_8' title="bbox 826 4042 2826 4266">
     <span class='ocr_line' id='line_1_31' title="bbox 828 4042 1642 4099; baseline -0.001 -7"><span class='ocrx_word' id='word_1_200' title='bbox 828 4046 965 4099; x_wconf 89' lang='grc'><strong>1878,</strong></span> <span class='ocrx_word' id='word_1_201' title='bbox 1002 4047 1070 4089; x_wconf 76' lang='lat'>10‘</span> <span class='ocrx_word' id='word_1_202' title='bbox 1097 4042 1231 4099; x_wconf 74' lang='lat' dir='ltr'>aeut,</span> <span class='ocrx_word' id='word_1_203' title='bbox 1267 4047 1321 4091; x_wconf 85' lang='lat'>15</span> <span class='ocrx_word' id='word_1_204' title='bbox 1353 4044 1642 4091; x_wconf 84' lang='lat' dir='ltr'>novembre.</span> 
     </span>
     <span class='ocr_line' id='line_1_32' title="bbox 883 4120 2844 4182; baseline -0.002 -13"><span class='ocrx_word' id='word_1_205' title='bbox 883 4121 907 4155; x_wconf 75' lang='lat'>²</span> <span class='ocrx_word' id='word_1_206' title='bbox 942 4122 1093 4169; x_wconf 81' lang='lat' dir='ltr'>Multa</span> <span class='ocrx_word' id='word_1_207' title='bbox 1126 4132 1325 4181; x_wconf 81' lang='lat' dir='ltr'>quoqne</span> <span class='ocrx_word' id='word_1_208' title='bbox 1366 4123 1707 4182; x_wconf 76' lang='lat' dir='ltr'>suppeditavit</span> <span class='ocrx_word' id='word_1_209' title='bbox 1739 4125 1995 4171; x_wconf 63' lang='lat' dir='ltr'>&#39;lanarum</span> <span class='ocrx_word' id='word_1_210' title='bbox 2030 4124 2182 4172; x_wconf 80' lang='lat' dir='ltr'>editio</span> <span class='ocrx_word' id='word_1_211' title='bbox 2219 4138 2248 4170; x_wconf 78' lang='lat' dir='ltr'>a</span> <span class='ocrx_word' id='word_1_212' title='bbox 2285 4122 2374 4170; x_wconf 71' lang='lat' dir='ltr'>&#39;Pu</span> <span class='ocrx_word' id='word_1_213' title='bbox 2410 4122 2548 4168; x_wconf 76' lang='lat' dir='ltr'>Kocx</span> <span class='ocrx_word' id='word_1_214' title='bbox 2585 4120 2844 4179; x_wconf 75' lang='lat' dir='ltr'>explicata.</span> 
     </span>
     <span class='ocr_line' id='line_1_33' title="bbox 826 4201 2622 4266; baseline 0.003 -17"><span class='ocrx_word' id='word_1_215' title='bbox 826 4201 1058 4256; x_wconf 79' lang='lat' dir='ltr'>Bet-oliui,</span> <span class='ocrx_word' id='word_1_216' title='bbox 1090 4204 1208 4248; x_wconf 79' lang='grc'><strong>1868</strong></span> <span class='ocrx_word' id='word_1_217' title='bbox 1235 4202 1363 4259; x_wconf 88' lang='lat' dir='ltr'>(coll.</span> <span class='ocrx_word' id='word_1_218' title='bbox 1401 4202 1561 4261; x_wconf 81' lang='lat' dir='ltr'>Haupt</span> <span class='ocrx_word' id='word_1_219' title='bbox 1589 4208 1636 4250; x_wconf 83' lang='lat' dir='ltr'>et</span> <span class='ocrx_word' id='word_1_220' title='bbox 1667 4204 1899 4266; x_wconf 83' lang='lat' dir='ltr'>Sauppe).</span> <span class='ocrx_word' id='word_1_221' title='bbox 2615 4224 2622 4228; x_wconf 89' lang='lat'><strong>·</strong></span> 
     </span>
    </p>
   </div>
  </div>
 </body>
</html>
