3167 5125
1281 514 1604 571 -123-

421 640 750 722 diximuS,
783 660 1137 711 moremur
1171 645 1222 721 ¹,
1255 661 1348 709 ne
1373 641 1673 709 nimium
1717 658 1993 727 quoque
2028 636 2335 707 convicia
2385 637 2455 705 in

421 749 834 817 Mercurium
859 749 1146 837 ejusque
1172 748 1456 816 nomine
1483 748 1558 815 in
1590 746 1961 835 Olympum
1982 754 2313 836 congesta
2340 767 2456 813 ur-

421 876 708 945 geamus
743 860 795 935 ²,
831 854 1084 942 quibus
1120 874 1266 924 non
1291 855 1552 923 leviora
1582 853 1654 921 in
1684 858 1859 920 Pace
1900 858 2277 939 Avibusqwe
2312 856 2455 941 jam

422 983 630 1053 supra
663 961 1178 1042 adnotavimuS‚
1219 982 1456 1031 nonne
1481 962 1697 1029 totius
1744 960 1995 1029 fabulae
2026 961 2455 1051 propositum

423 1073 494 1138 in
521 1070 711 1139 Jovis
739 1090 900 1138 cum
932 1073 1131 1135 Pluto
1159 1070 1671 1158 comparatione
1732 1070 2013 1149 comica,
2042 1090 2251 1159 quam
2296 1089 2455 1139 vere

425 1176 982 1267 philosophicam
1021 1196 1264 1245 vocare
1300 1176 1484 1255 licet,
1523 1181 1884 1245 versatur?
1939 1177 2079 1243 Etsi
2139 1176 2355 1245 multa
2383 1176 2457 1241 in

427 1284 558 1351 hac
577 1282 814 1352 fabula
849 1302 888 1349 a
919 1283 1142 1372 priore
1173 1282 1452 1373 ingenio
1507 1281 2039 1370 Aristophanem
2094 1282 2457 1351 deflexisse

327 1464 334 1469 ,
425 1390 930 1469 demonstrant,
957 1391 1249 1479 juvenili
1273 1390 1502 1459 adhuc
1517 1390 1761 1478 spiritu
1780 1390 1851 1456 in
1881 1390 2249 1479 imperium
2268 1390 2457 1457 Jovis

425 1498 700 1567 videtur
739 1497 1058 1587 grassari,
1102 1498 1211 1567 cui
1255 1497 1564 1566 effictum
1603 1494 1999 1565 divitiarum
2046 1496 2255 1565 deum
2284 1496 2463 1564 anti-

423 1627 562 1695 quo
617 1626 835 1695 regno
883 1626 1360 1675 successurum
1393 1608 1679 1695 opponit
1709 1608 1765 1673 3.
1824 1605 2273 1673 insimulatur
2318 1605 2459 1695 pri-

422 1735 620 1783 mum
679 1713 964 1803 Jupiter,
999 1734 1142 1781 non
1199 1716 1460 1782 comice
1497 1720 1769 1783 tantum
1799 1712 1923 1783 sed
1966 1732 2091 1802 per
2119 1712 2461 1781 tumidam

424 1822 975 1911 indignationem
1019 1820 1204 1908 quod
1258 1822 1326 1887 in
1381 1821 1566 1888 viros
1614 1820 1867 1909 probos
1914 1820 2213 1909 maligne
2251 1826 2459 1907 atque

421 1929 764 1998 invidiose
791 1950 868 1995 se
915 1934 1129 2017 gerat,
1167 1930 1283 2015 qui
1340 1928 1613 1997 Plutum
1661 1928 2023 1997 occaecavit
2082 1933 2150 1999 et
2178 1926 2455 1995 divitias

423 2038 907 2125 indignissimo
960 2036 1206 2124 cuique
1250 2036 1535 2125 largitus
1571 2042 1679 2105 est
1715 2036 1767 2103 4.
1820 2035 2083 2107 Deinde
2132 2034 2459 2103 dubitan-

422 2150 566 2213 tem
587 2144 874 2222 ,Plutum
905 2148 974 2210 et
1008 2144 1193 2211 Jovis
1228 2148 1416 2211 metu
1475 2152 1909 2214 recusantem
1954 2143 2331 2232 quominus
2355 2142 2458 2208 vi-

423 2272 582 2319 sum
633 2250 936 2339 recipiat,
1019 2249 1382 2317 confirmat
1446 2252 1851 2341 Chremylus
1917 2248 2459 2320 demonstrando

419 2378 692 2446 aequam
751 2357 968 2446 ipsius
998 2362 1410 2445 potestatem
1438 2364 1512 2425 et
1546 2359 1921 2448 benignam
1976 2357 2453 2445 Olympiorum

422 2464 788 2553 tyrannide
826 2464 1046 2533 multo
1095 2464 1431 2553 potiorem
1460 2464 1632 2533 fore.
1692 2465 1969 2535 Venalis
2022 2470 2129 2531 est
2169 2463 2453 2552 Jupiter,

421 2578 690 2662 quaestu
723 2567 1092 2660 placabiliS,
1126 2578 1404 2660 propter
1429 2579 1774 2660 quaestum
1824 2572 2229 2642 sollicitatus
2267 2594 2283 2649 ;
2342 2571 2457 2657 qui

420 2681 478 2748 si
507 2678 899 2748 divitiarum
923 2678 1430 2768 largiendarum
1455 2680 1779 2749 facultate
1794 2681 2147 2770 spoliatur,
2173 2678 2329 2767 quiS
2350 2683 2457 2746 est

423 2788 543 2876 qui
575 2787 873 2876 amplius
917 2786 1298 2856 sacrificare
1320 2793 1396 2856 et
1449 2794 1607 2857 vota
1656 2789 1879 2858 facere
1938 2788 2162 2857 velit?
2215 2785 2450 2856 Admi-

422 2894 642 2962 randa
669 2893 951 2982 quidem
989 2898 1060 2962 et
1107 2894 1520 2962 acutissimae
1549 2897 1903 2984 sapientiae
1938 2896 2141 2985 plena
2170 2900 2455 2962 senten-

427 3004 558 3069 tia!
590 3002 856 3079 Quanta
883 3001 970 3079 vi,
1007 3020 1215 3088 quam
1236 3001 1426 3088 gravi
1452 3008 1520 3068 et
1542 3001 1687 3069 fere
1720 3003 1894 3069 tristi
1922 3002 2237 3070 irrisione
2265 3003 2457 3068 illus·-

426 3111 638 3178 trata!
684 3108 858 3186 Quid
887 3106 1077 3176 aliud
1115 3113 1222 3176 est
1256 3107 1518 3196 Jupiter
1571 3107 1689 3175 ille
1729 3107 2027 3176 ludibrio
2082 3107 2359 3176 habitus
2393 3116 2461 3176 et

422 3236 640 3306 regno
659 3221 936 3294 exutuS‚
973 3214 1106 3282 nisi
1129 3213 1352 3282 inanis
1381 3219 1450 3282 et
1480 3215 1810 3282 ementita
1842 3215 2201 3303 p‘raeteritae
2246 3215 2465 3283 aetatis

423 3324 734 3392 numinis
776 3323 1066 3412 species,
1107 3342 1272 3389 casu
1323 3321 1663 3391 humanas
1704 3341 1815 3390 res
1855 3343 1995 3390 non
2026 3323 2317 3391 consilio
2350 3342 2459 3392 re-

421 3432 672 3522 gentis»,
725 3429 946 3499 avidis
995 3428 1458 3498 commendati
1515 3449 1554 3494 a
1611 3428 1940 3497 ministris
1988 3435 2059 3498 et
2103 3429 2454 3499 communi

425 3539 718 3606 stultitia
762 3536 1006 3604 mundi
1039 3535 1268 3626 adepti
1307 3535 1651 3623 regimen,
1690 3536 1877 3623 quod
1936 3537 2280 3606 bonorum
2333 3539 2460 3606 im-

423 3644 940 3734 proborumque
991 3642 1506 3710 distinctionem
1555 3642 1817 3710 nullam
1869 3645 2050 3724 facit,
2102 3646 2273 3734 quin
2320 3647 2459 3715 imo

425 3751 747 3820 deteriori
777 3770 1026 3829 causae,
1065 3754 1143 3817 ut
1170 3752 1404 3816 Sermo
1454 3755 1765 3833 superior
1792 3751 1859 3822 in
1896 3757 2212 3836 Nubibm,
2242 3774 2317 3822 se
2348 3753 2461 3822 ad-

482 3966 502 4001 ¹
545 3965 696 4024 Plut„
729 3969 849 4014 1080
879 3969 929 4012 et
951 3978 1054 4024 seq·

481 4046 505 4081 ²
539 4048 693 4104 1bid.‚
726 4049 846 4094 1008
873 4049 1048 4105 etseq.
1077 4046 1151 4094 Cf.
1183 4057 1334 4106 supra
1360 4059 1409 4106 p.
1437 4048 1497 4094 33
1527 4049 1576 4094 et
1608 4060 1709 4108 seq.

481 4126 506 4161 ³
542 4126 690 4188 ibid„
726 4130 812 4174 123
841 4129 1040 4184 etseq..

482 4206 505 4244 ⁴
539 4208 690 4264 lbid„
713 4207 824 4264 455,
855 4206 961 4267 467,
993 4209 1102 4268 550,
1131 4205 1220 4252 '174
1245 4211 1292 4253 et
1313 4219 1439 4269 seq„
1465 4209 1574 4260 828,
