<?xml version="1.0" encoding="UTF-8"?>
<!DOCTYPE html PUBLIC "-//W3C//DTD XHTML 1.0 Transitional//EN"
    "http://www.w3.org/TR/xhtml1/DTD/xhtml1-transitional.dtd">
<html xmlns="http://www.w3.org/1999/xhtml" xml:lang="en" lang="en">
 <head>
  <title>
</title>
<meta http-equiv="Content-Type" content="text/html;charset=utf-8" />
  <meta name='ocr-system' content='tesseract 3.04.00' />
  <meta name='ocr-capabilities' content='ocr_page ocr_carea ocr_par ocr_line ocrx_word'/>
</head>
<body>
  <div class='ocr_page' id='page_1' title='image "./aristophanesimp01hildgoog_0018.png"; bbox 0 0 3167 5125; ppageno 0'>
   <div class='ocr_carea' id='block_1_1' title="bbox 630 588 2741 3794">
    <p class='ocr_par' dir='ltr' id='par_1_1' title="bbox 630 588 2740 1107">
     <span class='ocr_line' id='line_1_1' title="bbox 717 588 2740 679; baseline 0.001 -23"><span class='ocrx_word' id='word_1_1' title='bbox 717 588 844 656; x_wconf 88' lang='lat' dir='ltr'>sibi</span> <span class='ocrx_word' id='word_1_2' title='bbox 894 588 1218 678; x_wconf 88' lang='lat' dir='ltr'>effingere</span> <span class='ocrx_word' id='word_1_3' title='bbox 1265 608 1465 677; x_wconf 85' lang='lat' dir='ltr'>posse</span> <span class='ocrx_word' id='word_1_4' title='bbox 1497 589 1893 657; x_wconf 80' lang='lat' dir='ltr'><strong>existiment</strong></span> <span class='ocrx_word' id='word_1_5' title='bbox 1928 592 1945 635; x_wconf 91' lang='lat'>¹</span> <span class='ocrx_word' id='word_1_6' title='bbox 1974 614 1990 670; x_wconf 90' lang='lat'>;</span> <span class='ocrx_word' id='word_1_7' title='bbox 2027 588 2149 657; x_wconf 89' lang='lat' dir='ltr'>sed</span> <span class='ocrx_word' id='word_1_8' title='bbox 2189 590 2349 679; x_wconf 88' lang='lat' dir='ltr'>quia</span> <span class='ocrx_word' id='word_1_9' title='bbox 2380 590 2740 659; x_wconf 84' lang='lat' dir='ltr'>comoediae</span> 
     </span>
     <span class='ocr_line' id='line_1_2' title="bbox 630 694 2739 787; baseline 0.001 -24"><span class='ocrx_word' id='word_1_10' title='bbox 630 696 633 698; x_wconf 76' lang='grc'><strong>’</strong></span> <span class='ocrx_word' id='word_1_11' title='bbox 713 695 847 765; x_wconf 88' lang='lat' dir='ltr'>illae</span> <span class='ocrx_word' id='word_1_12' title='bbox 882 694 1298 785; x_wconf 86' lang='lat' dir='ltr'>quotidianae</span> <span class='ocrx_word' id='word_1_13' title='bbox 1336 698 1494 763; x_wconf 86' lang='lat' dir='ltr'>vitae</span> <span class='ocrx_word' id='word_1_14' title='bbox 1532 696 2108 765; x_wconf 79' lang='lat' dir='ltr'>consuetudinem</span> <span class='ocrx_word' id='word_1_15' title='bbox 2132 752 2149 777; x_wconf 88' lang='lat'>‚</span> <span class='ocrx_word' id='word_1_16' title='bbox 2196 698 2551 787; x_wconf 87' lang='lat' dir='ltr'>popularia</span> <span class='ocrx_word' id='word_1_17' title='bbox 2590 706 2739 766; x_wconf 88' lang='lat' dir='ltr'>stu-</span> 
     </span>
     <span class='ocr_line' id='line_1_3' title="bbox 715 802 2740 894; baseline 0 -24"><span class='ocrx_word' id='word_1_18' title='bbox 715 802 862 882; x_wconf 90' lang='lat' dir='ltr'>dia,</span> <span class='ocrx_word' id='word_1_19' title='bbox 907 804 1230 891; x_wconf 86' lang='lat' dir='ltr'>strepitus</span> <span class='ocrx_word' id='word_1_20' title='bbox 1268 804 1395 870; x_wconf 84' lang='lat' dir='ltr'>fori</span> <span class='ocrx_word' id='word_1_21' title='bbox 1436 810 1504 871; x_wconf 91' lang='lat' dir='ltr'>et</span> <span class='ocrx_word' id='word_1_22' title='bbox 1539 818 1953 892; x_wconf 71' lang='grc' dir='ltr'><strong>λογοποιοὺντων</strong></span> <span class='ocrx_word' id='word_1_23' title='bbox 1986 804 2073 873; x_wconf 89' lang='lat' dir='ltr'>de</span> <span class='ocrx_word' id='word_1_24' title='bbox 2104 804 2234 873; x_wconf 90' lang='lat' dir='ltr'>diis</span> <span class='ocrx_word' id='word_1_25' title='bbox 2273 812 2479 894; x_wconf 89' lang='lat' dir='ltr'>atque</span> <span class='ocrx_word' id='word_1_26' title='bbox 2520 806 2740 874; x_wconf 91' lang='lat' dir='ltr'>homi-</span> 
     </span>
     <span class='ocr_line' id='line_1_4' title="bbox 714 909 2740 1001; baseline 0.001 -26"><span class='ocrx_word' id='word_1_27' title='bbox 714 910 918 979; x_wconf 86' lang='lat' dir='ltr'>nibus</span> <span class='ocrx_word' id='word_1_28' title='bbox 936 965 951 989; x_wconf 91' lang='lat'><strong>,</strong></span> <span class='ocrx_word' id='word_1_29' title='bbox 985 909 1074 977; x_wconf 91' lang='lat' dir='ltr'>de</span> <span class='ocrx_word' id='word_1_30' title='bbox 1101 930 1173 979; x_wconf 86' lang='lat' dir='ltr'>re</span> <span class='ocrx_word' id='word_1_31' title='bbox 1200 910 1468 999; x_wconf 85' lang='lat' dir='ltr'>publica</span> <span class='ocrx_word' id='word_1_32' title='bbox 1493 918 1699 999; x_wconf 84' lang='lat' dir='ltr'>atque</span> <span class='ocrx_word' id='word_1_33' title='bbox 1727 913 1985 1000; x_wconf 87' lang='lat' dir='ltr'>privata</span> <span class='ocrx_word' id='word_1_34' title='bbox 2012 912 2371 1001; x_wconf 80' lang='lat' dir='ltr'>opiniones</span> <span class='ocrx_word' id='word_1_35' title='bbox 2397 911 2740 979; x_wconf 86' lang='lat' dir='ltr'>redivivas</span> 
     </span>
     <span class='ocr_line' id='line_1_5' title="bbox 711 1017 1532 1107; baseline 0.004 -22"><span class='ocrx_word' id='word_1_36' title='bbox 711 1017 1221 1107; x_wconf 88' lang='lat' dir='ltr'>quodammodo</span> <span class='ocrx_word' id='word_1_37' title='bbox 1250 1018 1532 1088; x_wconf 89' lang='lat' dir='ltr'>faciunt.</span> 
     </span>
    </p>

    <p class='ocr_par' dir='ltr' id='par_1_2' title="bbox 704 1124 2741 2073">
     <span class='ocr_line' id='line_1_6' title="bbox 801 1124 2741 1217; baseline 0.003 -26"><span class='ocrx_word' id='word_1_38' title='bbox 801 1124 942 1191; x_wconf 89' lang='lat' dir='ltr'>Etsi</span> <span class='ocrx_word' id='word_1_39' title='bbox 976 1146 1154 1214; x_wconf 82' lang='lat' dir='ltr'>saepe</span> <span class='ocrx_word' id='word_1_40' title='bbox 1184 1126 1631 1194; x_wconf 82' lang='lat' dir='ltr'>eruditissimi</span> <span class='ocrx_word' id='word_1_41' title='bbox 1663 1128 1813 1206; x_wconf 89' lang='lat' dir='ltr'>viri,</span> <span class='ocrx_word' id='word_1_42' title='bbox 1845 1128 1969 1194; x_wconf 87' lang='lat' dir='ltr'>has</span> <span class='ocrx_word' id='word_1_43' title='bbox 2001 1126 2268 1193; x_wconf 83' lang='lat' dir='ltr'>fabulas</span> <span class='ocrx_word' id='word_1_44' title='bbox 2294 1128 2553 1209; x_wconf 80' lang='lat' dir='ltr'>intuiti,</span> <span class='ocrx_word' id='word_1_45' title='bbox 2592 1150 2741 1217; x_wconf 89' lang='lat' dir='ltr'>spe-</span> 
     </span>
     <span class='ocr_line' id='line_1_7' title="bbox 709 1230 2741 1313; baseline 0.002 -16"><span class='ocrx_word' id='word_1_46' title='bbox 709 1230 886 1298; x_wconf 89' lang='lat' dir='ltr'>ciem</span> <span class='ocrx_word' id='word_1_47' title='bbox 937 1230 1100 1299; x_wconf 90' lang='lat' dir='ltr'>inde</span> <span class='ocrx_word' id='word_1_48' title='bbox 1147 1232 1572 1300; x_wconf 85' lang='lat' dir='ltr'>Athenarum</span> <span class='ocrx_word' id='word_1_49' title='bbox 1629 1235 1957 1313; x_wconf 87' lang='lat' dir='ltr'>civitatis,</span> <span class='ocrx_word' id='word_1_50' title='bbox 2014 1236 2198 1302; x_wconf 84' lang='lat' dir='ltr'>varia</span> <span class='ocrx_word' id='word_1_51' title='bbox 2258 1255 2415 1300; x_wconf 91' lang='lat' dir='ltr'>cum</span> <span class='ocrx_word' id='word_1_52' title='bbox 2463 1234 2741 1303; x_wconf 88' lang='lat' dir='ltr'>fortuna</span> 
     </span>
     <span class='ocr_line' id='line_1_8' title="bbox 710 1335 2737 1431; baseline 0.003 -28"><span class='ocrx_word' id='word_1_53' title='bbox 710 1335 1254 1427; x_wconf 87' lang='lat' dir='ltr'>descripserunt,</span> <span class='ocrx_word' id='word_1_54' title='bbox 1309 1360 1535 1429; x_wconf 83' lang='lat' dir='ltr'>operae</span> <span class='ocrx_word' id='word_1_55' title='bbox 1581 1348 1812 1409; x_wconf 89' lang='lat' dir='ltr'>tamen</span> <span class='ocrx_word' id='word_1_56' title='bbox 1858 1343 2151 1430; x_wconf 89' lang='lat' dir='ltr'>pretium</span> <span class='ocrx_word' id='word_1_57' title='bbox 2214 1341 2413 1409; x_wconf 89' lang='lat' dir='ltr'>nobis</span> <span class='ocrx_word' id='word_1_58' title='bbox 2460 1364 2737 1431; x_wconf 88' lang='lat' dir='ltr'>quoque</span> 
     </span>
     <span class='ocr_line' id='line_1_9' title="bbox 708 1446 2729 1539; baseline 0.001 -26"><span class='ocrx_word' id='word_1_59' title='bbox 708 1446 934 1513; x_wconf 89' lang='lat' dir='ltr'>visum</span> <span class='ocrx_word' id='word_1_60' title='bbox 967 1453 1095 1529; x_wconf 84' lang='lat' dir='ltr'>est,</span> <span class='ocrx_word' id='word_1_61' title='bbox 1133 1468 1348 1515; x_wconf 91' lang='lat' dir='ltr'>unum</span> <span class='ocrx_word' id='word_1_62' title='bbox 1377 1448 1581 1529; x_wconf 91' lang='lat' dir='ltr'>illud,</span> <span class='ocrx_word' id='word_1_63' title='bbox 1615 1450 1941 1539; x_wconf 81' lang='lat' dir='ltr'>neglectis</span> <span class='ocrx_word' id='word_1_64' title='bbox 1971 1450 2253 1537; x_wconf 87' lang='lat' dir='ltr'>reliquis</span> <span class='ocrx_word' id='word_1_65' title='bbox 2275 1502 2293 1529; x_wconf 86' lang='lat'><em>,</em></span> <span class='ocrx_word' id='word_1_66' title='bbox 2330 1452 2688 1538; x_wconf 82' lang='lat' dir='ltr'>exquirere</span> <span class='ocrx_word' id='word_1_67' title='bbox 2717 1476 2729 1516; x_wconf 93' lang='lat'><strong>:</strong></span> 
     </span>
     <span class='ocr_line' id='line_1_10' title="bbox 707 1552 2737 1644; baseline 0.002 -25"><span class='ocrx_word' id='word_1_68' title='bbox 707 1552 874 1639; x_wconf 85' lang='lat' dir='ltr'>quid</span> <span class='ocrx_word' id='word_1_69' title='bbox 918 1552 1018 1622; x_wconf 73' lang='lat' dir='ltr'>de-</span> <span class='ocrx_word' id='word_1_70' title='bbox 1042 1555 1262 1643; x_wconf 86' lang='lat' dir='ltr'>patria</span> <span class='ocrx_word' id='word_1_71' title='bbox 1287 1555 1619 1643; x_wconf 78' lang='lat' dir='ltr'>religione</span> <span class='ocrx_word' id='word_1_72' title='bbox 1640 1610 1657 1636; x_wconf 91' lang='lat'><strong><em>,</em></strong></span> <span class='ocrx_word' id='word_1_73' title='bbox 1699 1552 1784 1623; x_wconf 87' lang='lat' dir='ltr'>de</span> <span class='ocrx_word' id='word_1_74' title='bbox 1814 1558 2023 1623; x_wconf 86' lang='lat' dir='ltr'>sacris</span> <span class='ocrx_word' id='word_1_75' title='bbox 2050 1558 2156 1624; x_wconf 87' lang='lat' dir='ltr'>vel</span> <span class='ocrx_word' id='word_1_76' title='bbox 2188 1558 2565 1644; x_wconf 87' lang='lat' dir='ltr'>anti-quitus</span> <span class='ocrx_word' id='word_1_77' title='bbox 2598 1564 2737 1624; x_wconf 87' lang='lat' dir='ltr'>tra-</span> 
     </span>
     <span class='ocr_line' id='line_1_11' title="bbox 708 1656 2731 1753; baseline 0.004 -29"><span class='ocrx_word' id='word_1_78' title='bbox 708 1656 871 1728; x_wconf 90' lang='lat' dir='ltr'>ditis</span> <span class='ocrx_word' id='word_1_79' title='bbox 899 1682 1021 1750; x_wconf 85' lang='lat' dir='ltr'>per</span> <span class='ocrx_word' id='word_1_80' title='bbox 1046 1681 1295 1730; x_wconf 89' lang='lat' dir='ltr'>manus</span> <span class='ocrx_word' id='word_1_81' title='bbox 1318 1717 1334 1743; x_wconf 92' lang='lat'>‚</span> <span class='ocrx_word' id='word_1_82' title='bbox 1373 1662 1481 1731; x_wconf 90' lang='lat' dir='ltr'>vel</span> <span class='ocrx_word' id='word_1_83' title='bbox 1511 1670 1821 1732; x_wconf 80' lang='lat' dir='ltr'>recenter</span> <span class='ocrx_word' id='word_1_84' title='bbox 1852 1665 1919 1729; x_wconf 89' lang='lat' dir='ltr'>in</span> <span class='ocrx_word' id='word_1_85' title='bbox 1948 1666 2270 1732; x_wconf 85' lang='lat' dir='ltr'>Graeciam</span> <span class='ocrx_word' id='word_1_86' title='bbox 2304 1666 2691 1753; x_wconf 83' lang='lat' dir='ltr'>importatis</span> <span class='ocrx_word' id='word_1_87' title='bbox 2715 1722 2731 1745; x_wconf 93' lang='lat'><em>‚</em></span> 
     </span>
     <span class='ocr_line' id='line_1_12' title="bbox 704 1768 2727 1863; baseline 0.004 -29"><span class='ocrx_word' id='word_1_88' title='bbox 704 1768 872 1855; x_wconf 89' lang='lat' dir='ltr'>quid</span> <span class='ocrx_word' id='word_1_89' title='bbox 900 1768 987 1837; x_wconf 90' lang='lat' dir='ltr'>de</span> <span class='ocrx_word' id='word_1_90' title='bbox 1017 1770 1591 1859; x_wconf 90' lang='lat' dir='ltr'>philosophorum</span> <span class='ocrx_word' id='word_1_91' title='bbox 1619 1772 1995 1861; x_wconf 90' lang='lat' dir='ltr'>disciplinis</span> <span class='ocrx_word' id='word_1_92' title='bbox 2030 1774 2113 1839; x_wconf 89' lang='lat' dir='ltr'>ad</span> <span class='ocrx_word' id='word_1_93' title='bbox 2146 1775 2547 1863; x_wconf 81' lang='lat' dir='ltr'>religionem</span> <span class='ocrx_word' id='word_1_94' title='bbox 2580 1796 2727 1863; x_wconf 90' lang='lat' dir='ltr'>per-</span> 
     </span>
     <span class='ocr_line' id='line_1_13' title="bbox 707 1878 2735 1970; baseline 0.003 -27"><span class='ocrx_word' id='word_1_95' title='bbox 707 1878 1114 1960; x_wconf 78' lang='lat' dir='ltr'>tinentibUS,</span> <span class='ocrx_word' id='word_1_96' title='bbox 1150 1880 1668 1969; x_wconf 84' lang='lat' dir='ltr'>AristophaneS,</span> <span class='ocrx_word' id='word_1_97' title='bbox 1705 1880 1996 1968; x_wconf 86' lang='lat' dir='ltr'>publicae</span> <span class='ocrx_word' id='word_1_98' title='bbox 2027 1882 2369 1969; x_wconf 87' lang='lat' dir='ltr'>opinionis</span> <span class='ocrx_word' id='word_1_99' title='bbox 2397 1883 2735 1970; x_wconf 80' lang='lat' dir='ltr'>interpres</span> 
     </span>
     <span class='ocr_line' id='line_1_14' title="bbox 714 1982 2512 2073; baseline 0.001 -22"><span class='ocrx_word' id='word_1_100' title='bbox 714 1991 830 2053; x_wconf 90' lang='lat' dir='ltr'>aut</span> <span class='ocrx_word' id='word_1_101' title='bbox 861 2006 1126 2066; x_wconf 89' lang='lat' dir='ltr'>censor,</span> <span class='ocrx_word' id='word_1_102' title='bbox 1154 1986 1589 2073; x_wconf 83' lang='lat' dir='ltr'>judicaverit.</span> <span class='ocrx_word' id='word_1_103' title='bbox 2476 1982 2512 2022; x_wconf 77' lang='grc'>’-</span> 
     </span>
    </p>

    <p class='ocr_par' dir='ltr' id='par_1_3' title="bbox 701 2093 2737 3364">
     <span class='ocr_line' id='line_1_15' title="bbox 799 2093 2731 2182; baseline 0 -23"><span class='ocrx_word' id='word_1_104' title='bbox 799 2093 1163 2181; x_wconf 88' lang='lat' dir='ltr'>Spinosum</span> <span class='ocrx_word' id='word_1_105' title='bbox 1192 2114 1365 2182; x_wconf 88' lang='lat' dir='ltr'>opus</span> <span class='ocrx_word' id='word_1_106' title='bbox 1391 2148 1406 2173; x_wconf 91' lang='lat'><strong><em>,</em></strong></span> <span class='ocrx_word' id='word_1_107' title='bbox 1453 2094 1524 2160; x_wconf 93' lang='lat' dir='ltr'>ni</span> <span class='ocrx_word' id='word_1_108' title='bbox 1555 2094 1794 2177; x_wconf 81' lang='lat' dir='ltr'>fallor,</span> <span class='ocrx_word' id='word_1_109' title='bbox 1837 2115 2227 2182; x_wconf 72' lang='lat' dir='ltr'>quanquam</span> <span class='ocrx_word' id='word_1_110' title='bbox 2262 2115 2297 2161; x_wconf 87' lang='lat' dir='ltr'>a</span> <span class='ocrx_word' id='word_1_111' title='bbox 2331 2096 2567 2161; x_wconf 87' lang='lat' dir='ltr'>multis</span> <span class='ocrx_word' id='word_1_112' title='bbox 2590 2098 2731 2182; x_wconf 87' lang='lat' dir='ltr'>jam</span> 
     </span>
     <span class='ocr_line' id='line_1_16' title="bbox 705 2200 2735 2290; baseline -0.001 -23"><span class='ocrx_word' id='word_1_113' title='bbox 705 2205 864 2267; x_wconf 86' lang='lat' dir='ltr'>ante</span> <span class='ocrx_word' id='word_1_114' title='bbox 889 2220 1017 2268; x_wconf 88' lang='lat' dir='ltr'>nos</span> <span class='ocrx_word' id='word_1_115' title='bbox 1043 2208 1440 2290; x_wconf 85' lang='lat' dir='ltr'>susceptum</span> <span class='ocrx_word' id='word_1_116' title='bbox 1475 2206 1526 2282; x_wconf 75' lang='lat'>2,</span> <span class='ocrx_word' id='word_1_117' title='bbox 1553 2206 1621 2269; x_wconf 87' lang='lat' dir='ltr'>et</span> <span class='ocrx_word' id='word_1_118' title='bbox 1653 2200 1837 2289; x_wconf 87' lang='lat' dir='ltr'>quod</span> <span class='ocrx_word' id='word_1_119' title='bbox 1864 2202 2215 2268; x_wconf 89' lang='lat' dir='ltr'>nonnullis</span> <span class='ocrx_word' id='word_1_120' title='bbox 2242 2201 2457 2268; x_wconf 83' lang='lat' dir='ltr'>videri</span> <span class='ocrx_word' id='word_1_121' title='bbox 2488 2203 2735 2289; x_wconf 82' lang='lat' dir='ltr'>poterit</span> 
     </span>
     <span class='ocr_line' id='line_1_17' title="bbox 704 2307 2732 2397; baseline 0 -23"><span class='ocrx_word' id='word_1_122' title='bbox 704 2308 1056 2396; x_wconf 89' lang='lat' dir='ltr'>ineptum,</span> <span class='ocrx_word' id='word_1_123' title='bbox 1100 2308 1216 2396; x_wconf 90' lang='lat' dir='ltr'>qui</span> <span class='ocrx_word' id='word_1_124' title='bbox 1264 2329 1393 2376; x_wconf 91' lang='lat' dir='ltr'>nos</span> <span class='ocrx_word' id='word_1_125' title='bbox 1433 2307 1933 2397; x_wconf 82' lang='lat' dir='ltr'>sesquipedalia</span> <span class='ocrx_word' id='word_1_126' title='bbox 1973 2308 2203 2389; x_wconf 84' lang='lat' dir='ltr'>verba,</span> <span class='ocrx_word' id='word_1_127' title='bbox 2249 2329 2540 2375; x_wconf 73' lang='lat' dir='ltr'>morosae</span> <span class='ocrx_word' id='word_1_128' title='bbox 2589 2309 2732 2395; x_wconf 90' lang='lat' dir='ltr'>pie-</span> 
     </span>
     <span class='ocr_line' id='line_1_18' title="bbox 705 2414 2737 2503; baseline 0 -22"><span class='ocrx_word' id='word_1_129' title='bbox 705 2414 865 2481; x_wconf 90' lang='lat' dir='ltr'>tatis</span> <span class='ocrx_word' id='word_1_130' title='bbox 897 2433 1133 2495; x_wconf 87' lang='lat' dir='ltr'>causa,</span> <span class='ocrx_word' id='word_1_131' title='bbox 1165 2416 1236 2481; x_wconf 91' lang='lat' dir='ltr'>in</span> <span class='ocrx_word' id='word_1_132' title='bbox 1268 2414 1789 2497; x_wconf 79' lang='lat' dir='ltr'>festivissimum</span> <span class='ocrx_word' id='word_1_133' title='bbox 1822 2414 2135 2481; x_wconf 90' lang='lat' dir='ltr'>omnium</span> <span class='ocrx_word' id='word_1_134' title='bbox 2168 2435 2547 2503; x_wconf 77' lang='lat' dir='ltr'>graecorum</span> <span class='ocrx_word' id='word_1_135' title='bbox 2579 2434 2737 2503; x_wconf 88' lang='lat' dir='ltr'>poe-</span> 
     </span>
     <span class='ocr_line' id='line_1_19' title="bbox 706 2522 2733 2612; baseline 0 -23"><span class='ocrx_word' id='word_1_136' title='bbox 706 2528 931 2592; x_wconf 89' lang='lat' dir='ltr'>tarum</span> <span class='ocrx_word' id='word_1_137' title='bbox 955 2523 1210 2612; x_wconf 88' lang='lat' dir='ltr'>jactare</span> <span class='ocrx_word' id='word_1_138' title='bbox 1249 2530 1316 2592; x_wconf 91' lang='lat' dir='ltr'>et</span> <span class='ocrx_word' id='word_1_139' title='bbox 1343 2523 1627 2591; x_wconf 89' lang='lat' dir='ltr'>immani</span> <span class='ocrx_word' id='word_1_140' title='bbox 1659 2524 2156 2592; x_wconf 87' lang='lat' dir='ltr'>sententiarum</span> <span class='ocrx_word' id='word_1_141' title='bbox 2186 2522 2490 2612; x_wconf 88' lang='lat' dir='ltr'>pondere</span> <span class='ocrx_word' id='word_1_142' title='bbox 2524 2534 2733 2612; x_wconf 79' lang='grc' dir='ltr'>μουσό-</span> 
     </span>
     <span class='ocr_line' id='line_1_20' title="bbox 701 2629 2730 2720; baseline -0.003 -19"><span class='ocrx_word' id='word_1_143' title='bbox 701 2663 892 2720; x_wconf 73' lang='grc' dir='ltr'><strong><em>μαντιν</em></strong></span> <span class='ocrx_word' id='word_1_144' title='bbox 924 2634 950 2678; x_wconf 80' lang='grc'>3</span> <span class='ocrx_word' id='word_1_145' title='bbox 979 2630 1175 2698; x_wconf 89' lang='lat' dir='ltr'>illum</span> <span class='ocrx_word' id='word_1_146' title='bbox 1219 2650 1542 2698; x_wconf 85' lang='lat' dir='ltr'>canorum</span> <span class='ocrx_word' id='word_1_147' title='bbox 1599 2629 1887 2698; x_wconf 88' lang='lat' dir='ltr'>obruere</span> <span class='ocrx_word' id='word_1_148' title='bbox 1933 2636 2274 2697; x_wconf 82' lang='lat' dir='ltr'>accusent.</span> <span class='ocrx_word' id='word_1_149' title='bbox 2317 2630 2730 2718; x_wconf 89' lang='lat' dir='ltr'>Legitimum</span> 
     </span>
     <span class='ocr_line' id='line_1_21' title="bbox 706 2735 2733 2826; baseline -0.002 -22"><span class='ocrx_word' id='word_1_150' title='bbox 706 2743 937 2806; x_wconf 88' lang='lat' dir='ltr'>tamen</span> <span class='ocrx_word' id='word_1_151' title='bbox 961 2793 978 2820; x_wconf 90' lang='lat'><em>,</em></span> <span class='ocrx_word' id='word_1_152' title='bbox 1021 2742 1300 2826; x_wconf 91' lang='lat' dir='ltr'>propter</span> <span class='ocrx_word' id='word_1_153' title='bbox 1328 2737 1500 2805; x_wconf 88' lang='lat' dir='ltr'>duas</span> <span class='ocrx_word' id='word_1_154' title='bbox 1529 2737 1868 2826; x_wconf 79' lang='lat' dir='ltr'>praecipue</span> <span class='ocrx_word' id='word_1_155' title='bbox 1898 2755 2136 2804; x_wconf 83' lang='lat' dir='ltr'>causas</span> <span class='ocrx_word' id='word_1_156' title='bbox 2158 2791 2173 2814; x_wconf 91' lang='lat'><em>‚</em></span> <span class='ocrx_word' id='word_1_157' title='bbox 2209 2757 2359 2823; x_wconf 84' lang='lat' dir='ltr'>quae</span> <span class='ocrx_word' id='word_1_158' title='bbox 2396 2737 2539 2824; x_wconf 89' lang='lat' dir='ltr'>jam</span> <span class='ocrx_word' id='word_1_159' title='bbox 2569 2735 2733 2801; x_wconf 89' lang='lat' dir='ltr'>inde</span> 
     </span>
     <span class='ocr_line' id='line_1_22' title="bbox 701 2839 2730 2933; baseline -0.002 -22"><span class='ocrx_word' id='word_1_160' title='bbox 701 2865 742 2911; x_wconf 92' lang='lat' dir='ltr'>a</span> <span class='ocrx_word' id='word_1_161' title='bbox 761 2845 1092 2933; x_wconf 90' lang='lat' dir='ltr'>principio</span> <span class='ocrx_word' id='word_1_162' title='bbox 1122 2844 1322 2912; x_wconf 88' lang='lat' dir='ltr'>nobis</span> <span class='ocrx_word' id='word_1_163' title='bbox 1347 2843 1765 2933; x_wconf 59' lang='lat' dir='ltr'>explicandae</span> <span class='ocrx_word' id='word_1_164' title='bbox 1791 2847 1973 2911; x_wconf 90' lang='lat' dir='ltr'>sunt.</span> <span class='ocrx_word' id='word_1_165' title='bbox 2009 2841 2238 2909; x_wconf 91' lang='lat' dir='ltr'>Altera</span> <span class='ocrx_word' id='word_1_166' title='bbox 2263 2862 2343 2908; x_wconf 87' lang='lat' dir='ltr'>ex</span> <span class='ocrx_word' id='word_1_167' title='bbox 2372 2839 2730 2907; x_wconf 83' lang='lat' dir='ltr'>comoediae</span> 
     </span>
     <span class='ocr_line' id='line_1_23' title="bbox 701 2950 2723 3041; baseline -0.003 -23"><span class='ocrx_word' id='word_1_168' title='bbox 701 2953 916 3041; x_wconf 91' lang='lat' dir='ltr'>ipsius</span> <span class='ocrx_word' id='word_1_169' title='bbox 971 2951 1365 3020; x_wconf 89' lang='lat' dir='ltr'>conditione</span> <span class='ocrx_word' id='word_1_170' title='bbox 1408 2959 1476 3021; x_wconf 92' lang='lat' dir='ltr'>et</span> <span class='ocrx_word' id='word_1_171' title='bbox 1521 2958 1804 3031; x_wconf 87' lang='lat' dir='ltr'>natura,</span> <span class='ocrx_word' id='word_1_172' title='bbox 1840 2950 2031 3016; x_wconf 89' lang='lat' dir='ltr'>nulla</span> <span class='ocrx_word' id='word_1_173' title='bbox 2068 2967 2293 3036; x_wconf 90' lang='lat' dir='ltr'>neque</span> <span class='ocrx_word' id='word_1_174' title='bbox 2333 2954 2723 3035; x_wconf 87' lang='lat' dir='ltr'>temporum</span> 
     </span>
     <span class='ocr_line' id='line_1_24' title="bbox 703 3054 2730 3148; baseline -0.004 -21"><span class='ocrx_word' id='word_1_175' title='bbox 703 3080 928 3148; x_wconf 87' lang='lat' dir='ltr'>neque</span> <span class='ocrx_word' id='word_1_176' title='bbox 965 3061 1276 3128; x_wconf 87' lang='lat' dir='ltr'>locorum</span> <span class='ocrx_word' id='word_1_177' title='bbox 1304 3059 1566 3126; x_wconf 89' lang='lat' dir='ltr'>ratione</span> <span class='ocrx_word' id='word_1_178' title='bbox 1597 3058 1849 3136; x_wconf 87' lang='lat' dir='ltr'>habita,</span> <span class='ocrx_word' id='word_1_179' title='bbox 1895 3058 2101 3123; x_wconf 89' lang='lat' dir='ltr'>altera</span> <span class='ocrx_word' id='word_1_180' title='bbox 2133 3075 2215 3123; x_wconf 89' lang='lat' dir='ltr'>ex</span> <span class='ocrx_word' id='word_1_181' title='bbox 2248 3054 2730 3142; x_wconf 87' lang='lat' dir='ltr'>Aristophanis</span> 
     </span>
     <span class='ocr_line' id='line_1_25' title="bbox 703 3159 2728 3256; baseline -0.006 -19"><span class='ocrx_word' id='word_1_182' title='bbox 703 3167 1018 3256; x_wconf 89' lang='lat' dir='ltr'>exemplo</span> <span class='ocrx_word' id='word_1_183' title='bbox 1058 3175 1262 3256; x_wconf 88' lang='lat' dir='ltr'>atque</span> <span class='ocrx_word' id='word_1_184' title='bbox 1301 3166 1486 3234; x_wconf 91' lang='lat' dir='ltr'>haud</span> <span class='ocrx_word' id='word_1_185' title='bbox 1526 3165 1743 3233; x_wconf 89' lang='lat' dir='ltr'>semel</span> <span class='ocrx_word' id='word_1_186' title='bbox 1788 3163 2140 3232; x_wconf 87' lang='lat' dir='ltr'>enuntiata</span> <span class='ocrx_word' id='word_1_187' title='bbox 2186 3161 2409 3250; x_wconf 88' lang='lat' dir='ltr'>operis</span> <span class='ocrx_word' id='word_1_188' title='bbox 2463 3159 2728 3248; x_wconf 80' lang='lat' dir='ltr'>profes-</span> 
     </span>
     <span class='ocr_line' id='line_1_26' title="bbox 705 3274 1212 3364; baseline 0.004 -24"><span class='ocrx_word' id='word_1_189' title='bbox 705 3274 899 3341; x_wconf 89' lang='lat' dir='ltr'>sione</span> <span class='ocrx_word' id='word_1_190' title='bbox 937 3276 1212 3364; x_wconf 86' lang='lat' dir='ltr'>petitur.</span> 
     </span>
    </p>

    <p class='ocr_par' dir='ltr' id='par_1_4' title="bbox 699 3375 2731 3794">
     <span class='ocr_line' id='line_1_27' title="bbox 789 3375 2731 3463; baseline -0.005 -15"><span class='ocrx_word' id='word_1_191' title='bbox 789 3381 984 3458; x_wconf 86' lang='lat' dir='ltr'>Quod</span> <span class='ocrx_word' id='word_1_192' title='bbox 1014 3383 1070 3448; x_wconf 91' lang='lat' dir='ltr'>si</span> <span class='ocrx_word' id='word_1_193' title='bbox 1097 3380 1430 3449; x_wconf 84' lang='lat' dir='ltr'>comoedia</span> <span class='ocrx_word' id='word_1_194' title='bbox 1459 3405 1494 3442; x_wconf 91' lang='lat'>«</span> <span class='ocrx_word' id='word_1_195' title='bbox 1525 3378 1814 3446; x_wconf 87' lang='lat' dir='ltr'>imitatio</span> <span class='ocrx_word' id='word_1_196' title='bbox 1846 3383 1947 3444; x_wconf 91' lang='lat' dir='ltr'>est</span> <span class='ocrx_word' id='word_1_197' title='bbox 1972 3376 2148 3458; x_wconf 83' lang='lat' dir='ltr'>vitae‚</span> <span class='ocrx_word' id='word_1_198' title='bbox 2188 3375 2545 3463; x_wconf 88' lang='lat' dir='ltr'>speculum</span> <span class='ocrx_word' id='word_1_199' title='bbox 2572 3393 2731 3440; x_wconf 89' lang='lat' dir='ltr'>con-</span> 
     </span>
     <span class='ocr_line' id='line_1_28' title="bbox 703 3482 2727 3574; baseline -0.004 -20"><span class='ocrx_word' id='word_1_200' title='bbox 703 3485 1092 3555; x_wconf 89' lang='lat' dir='ltr'>suetudinis</span> <span class='ocrx_word' id='word_1_201' title='bbox 1123 3493 1190 3556; x_wconf 89' lang='lat' dir='ltr'>et</span> <span class='ocrx_word' id='word_1_202' title='bbox 1223 3487 1524 3556; x_wconf 89' lang='lat' dir='ltr'>veritatis</span> <span class='ocrx_word' id='word_1_203' title='bbox 1553 3488 1779 3574; x_wconf 84' lang='lat' dir='ltr'>imago</span> <span class='ocrx_word' id='word_1_204' title='bbox 1813 3485 1865 3564; x_wconf 82' lang='lat'>4,</span> <span class='ocrx_word' id='word_1_205' title='bbox 1907 3511 1939 3545; x_wconf 83' lang='grc'>»</span> <span class='ocrx_word' id='word_1_206' title='bbox 1977 3482 2310 3570; x_wconf 88' lang='lat' dir='ltr'>quidquid</span> <span class='ocrx_word' id='word_1_207' title='bbox 2358 3502 2397 3548; x_wconf 92' lang='lat' dir='ltr'>a</span> <span class='ocrx_word' id='word_1_208' title='bbox 2428 3487 2628 3570; x_wconf 90' lang='lat' dir='ltr'>poeta</span> <span class='ocrx_word' id='word_1_209' title='bbox 2658 3482 2727 3546; x_wconf 91' lang='lat' dir='ltr'>in</span> 
     </span>
     <span class='ocr_line' id='line_1_29' title="bbox 703 3586 2722 3679; baseline -0.005 -19"><span class='ocrx_word' id='word_1_210' title='bbox 703 3593 1010 3676; x_wconf 87' lang='lat' dir='ltr'>theatro,</span> <span class='ocrx_word' id='word_1_211' title='bbox 1063 3594 1535 3664; x_wconf 86' lang='lat' dir='ltr'>delectationis</span> <span class='ocrx_word' id='word_1_212' title='bbox 1567 3611 1794 3671; x_wconf 91' lang='lat' dir='ltr'>causa,</span> <span class='ocrx_word' id='word_1_213' title='bbox 1846 3589 2343 3679; x_wconf 87' lang='lat' dir='ltr'>spectatoribus</span> <span class='ocrx_word' id='word_1_214' title='bbox 2391 3586 2722 3662; x_wconf 90' lang='lat' dir='ltr'>traditur,</span> 
     </span>
     <span class='ocr_line' id='line_1_30' title="bbox 699 3688 2722 3794; baseline -0.006 -24"><span class='ocrx_word' id='word_1_215' title='bbox 699 3688 900 3792; x_wconf 62' lang='lat' dir='ltr'>apnd‘·</span> <span class='ocrx_word' id='word_1_216' title='bbox 911 3711 1224 3794; x_wconf 90' lang='lat' dir='ltr'>posteros</span> <span class='ocrx_word' id='word_1_217' title='bbox 1248 3704 1404 3792; x_wconf 84' lang='lat' dir='ltr'>jure</span> <span class='ocrx_word' id='word_1_218' title='bbox 1429 3701 1516 3770; x_wconf 89' lang='lat' dir='ltr'>ad</span> <span class='ocrx_word' id='word_1_219' title='bbox 1547 3701 1797 3769; x_wconf 89' lang='lat' dir='ltr'>seriam</span> <span class='ocrx_word' id='word_1_220' title='bbox 1821 3719 2127 3774; x_wconf 89' lang='lat' dir='ltr'>morum,</span> <span class='ocrx_word' id='word_1_221' title='bbox 2165 3695 2685 3782; x_wconf 88' lang='lat' dir='ltr'>disciplinarum</span> <span class='ocrx_word' id='word_1_222' title='bbox 2705 3745 2722 3771; x_wconf 91' lang='lat'><strong><em>,</em></strong></span> 
     </span>
    </p>
   </div>
   <div class='ocr_carea' id='block_1_2' title="bbox 761 3905 2265 4214">
    <p class='ocr_par' dir='ltr' id='par_1_5' title="bbox 762 3905 1977 3966">
     <span class='ocr_line' id='line_1_31' title="bbox 762 3905 1977 3966; baseline -0.006 -8"><span class='ocrx_word' id='word_1_223' title='bbox 762 3908 796 3943; x_wconf 82' lang='lat'>¹·</span> <span class='ocrx_word' id='word_1_224' title='bbox 823 3911 1010 3966; x_wconf 67' lang='lat' dir='ltr'>Giton,</span> <span class='ocrx_word' id='word_1_225' title='bbox 1031 3911 1166 3958; x_wconf 66' lang='lat' dir='ltr'>Hm:</span> <span class='ocrx_word' id='word_1_226' title='bbox 1188 3909 1247 3956; x_wconf 82' lang='lat' dir='ltr'>de</span> <span class='ocrx_word' id='word_1_227' title='bbox 1270 3906 1322 3955; x_wconf 85' lang='lat' dir='ltr'>la</span> <span class='ocrx_word' id='word_1_228' title='bbox 1349 3907 1511 3965; x_wconf 61' lang='lat' dir='ltr'>Grave,</span> <span class='ocrx_word' id='word_1_229' title='bbox 1535 3907 1643 3962; x_wconf 88' lang='lat' dir='ltr'>XII,</span> <span class='ocrx_word' id='word_1_230' title='bbox 1679 3905 1777 3966; x_wconf 52' lang='lat'><strong>148,</strong></span> <span class='ocrx_word' id='word_1_231' title='bbox 1796 3908 1843 3951; x_wconf 81' lang='lat' dir='ltr'>et</span> <span class='ocrx_word' id='word_1_232' title='bbox 1875 3918 1977 3964; x_wconf 83' lang='lat' dir='ltr'>seq.</span> 
     </span>
    </p>

    <p class='ocr_par' dir='ltr' id='par_1_6' title="bbox 763 3983 2265 4132">
     <span class='ocr_line' id='line_1_32' title="bbox 763 3983 2265 4047; baseline -0.009 -5"><span class='ocrx_word' id='word_1_233' title='bbox 763 3991 786 4025; x_wconf 72' lang='lat'>²</span> <span class='ocrx_word' id='word_1_234' title='bbox 822 3992 933 4041; x_wconf 83' lang='lat' dir='ltr'>vid.</span> <span class='ocrx_word' id='word_1_235' title='bbox 962 3990 1180 4040; x_wconf 68' lang='lat' dir='ltr'>Indicam</span> <span class='ocrx_word' id='word_1_236' title='bbox 1207 3987 1452 4038; x_wconf 62' lang='lat' dir='ltr'>librorum</span> <span class='ocrx_word' id='word_1_237' title='bbox 1473 3987 1715 4047; x_wconf 82' lang='lat' dir='ltr'>opusculo</span> <span class='ocrx_word' id='word_1_238' title='bbox 1740 3990 1907 4032; x_wconf 85' lang='lat' dir='ltr'>nostro</span> <span class='ocrx_word' id='word_1_239' title='bbox 1931 3983 2265 4044; x_wconf 75' lang='lat' dir='ltr'>praepositum.</span> 
     </span>
     <span class='ocr_line' id='line_1_33' title="bbox 764 4072 1072 4132; baseline -0.006 -8"><span class='ocrx_word' id='word_1_240' title='bbox 764 4072 788 4107; x_wconf 77' lang='lat'>³</span> <span class='ocrx_word' id='word_1_241' title='bbox 820 4077 930 4132; x_wconf 74' lang='lat' dir='ltr'><strong><em>Av...</em></strong></span> <span class='ocrx_word' id='word_1_242' title='bbox 962 4075 1072 4122; x_wconf 79' lang='lat'>276.</span> 
     </span>
    </p>

    <p class='ocr_par' dir='ltr' id='par_1_7' title="bbox 761 4153 1451 4214">
     <span class='ocr_line' id='line_1_34' title="bbox 761 4153 1451 4214; baseline -0.007 -9"><span class='ocrx_word' id='word_1_243' title='bbox 761 4156 785 4192; x_wconf 85' lang='lat'><strong>⁴</strong></span> <span class='ocrx_word' id='word_1_244' title='bbox 819 4158 1008 4212; x_wconf 61' lang='lat' dir='ltr'>cmm„</span> <span class='ocrx_word' id='word_1_245' title='bbox 1033 4153 1233 4214; x_wconf 65' lang='lat' dir='ltr'>Repub„</span> <span class='ocrx_word' id='word_1_246' title='bbox 1267 4154 1345 4210; x_wconf 87' lang='lat' dir='ltr'>IV,</span> <span class='ocrx_word' id='word_1_247' title='bbox 1378 4156 1451 4200; x_wconf 87' lang='lat'>11.</span> 
     </span>
    </p>
   </div>
  </div>
 </body>
</html>
