3167 5125
1566 546 1883 603 -118-

714 673 972 742 niciosa
1010 667 1342 762 sapientia
1373 672 1671 760 juvenes
1716 670 2155 740 informantis
2200 669 2543 739 ambobus
2568 682 2749 759 prae’-

719 786 974 849 textam
1030 779 1246 847 fuisse
1290 783 1582 846 constat.
1628 776 1777 845 Non
1833 775 2075 846 eodem
2112 784 2347 846 tamen
2400 776 2637 857 modo,
2690 778 2749 845 si

713 907 860 955 rem
928 886 1134 963 altius
1185 885 1570 973 perspicere
1624 884 1941 952 velimus,
1987 884 2487 953 Gravissimum
2534 883 2747 953 habe-

714 1012 870 1059 mus
909 990 1158 1059 testem
1214 988 1558 1059 Socratem
1592 992 1849 1079 ipsum,
1900 998 2018 1059 aut
2074 990 2325 1060 saltem
2391 992 2749 1059 Platonem

711 1101 784 1166 in
812 1101 1153 1182 Apoloqia,
1185 1096 1301 1186 qui
1340 1096 1478 1165 duo
1509 1116 1760 1187 genera
1789 1097 2357 1166 calumniatorum
2393 1098 2463 1164 in
2498 1098 2751 1185 magis·

713 1213 898 1273 trum
923 1206 1016 1272 ait
1045 1206 1482 1294 processisse,
1530 1205 1815 1293 prioreS,
1860 1205 2159 1273 comicos
2190 1204 2475 1283 scilicet,
2511 1204 2748 1274 inania

713 1312 1028 1400 quaedam
1059 1318 1128 1379 et
1152 1308 1432 1379 ridicula
1442 1312 1817 1400 jactantes:
1862 1316 1881 1359 1
1922 1345 1945 1375 α
1982 1324 2260 1401 Σωκράτης
2292 1322 2463 1380 ἀδικεῖ
2484 1327 2577 1380 καὶ
2602 1342 2752 1402 περι-

711 1428 1004 1509 εργάζει-αι,
1050 1436 1216 1498 ζητῶν
1256 1433 1326 1487 τά
1371 1451 1428 1488 τι
1467 1432 1573 1489 ὑπὸ
1608 1438 1706 1507 γῆς
1738 1436 1827 1489 καὶ
1867 1435 1937 1489 τὰ
1982 1432 2301 1509 ἐπουράνια,
2332 1432 2424 1489 καὶ
2466 1433 2561 1487 τὸν
2608 1434 2754 1492 ἥττω

713 1538 864 1615 λόγον
904 1543 1119 1617 κρείττω
1149 1545 1310 1596 ποιῶν
1350 1540 1440 1594 καὶ
1485 1534 1679 1602 ἄλλους
1707 1544 1883 1596 ταῦτα
1916 1535 2203 1596 διδάσκων.
2246 1560 2267 1590 n
2310 1526 2751 1595 Recentiores

711 1631 962 1701 deinde
995 1633 1214 1700 multo
1239 1632 1742 1712 acerbissimOS,
1773 1652 2069 1720 quorum
2105 1633 2621 1701 accusationem
2656 1633 2747 1701 ad

705 1739 1041 1830 judicium
1103 1739 1512 1827 exscriptam
1574 1760 1715 1807 non
1774 1739 1961 1807 Plato
2008 1745 2279 1808 tantiim
2328 1740 2453 1808 sed
2494 1761 2749 1807 monu-

713 1853 943 1914 menta
968 1845 1239 1933 publica
1265 1852 1713 1914 servaverunt
1743 1871 1757 1913 ζ
1787 1880 1808 1909 ι
1850 1849 2025 1917 Α’δικσῖ
2048 1862 2330 1937 Σωκράτης
2360 1862 2455 1923 οὓς
2481 1862 2571 1937 μὲν
2594 1860 2752 1923 πόλις

711 1970 904 2043 νομίζει
945 1969 1090 2029 θεοὺς
1138 1968 1199 2021 οὐ
1246 1969 1489 2043 νομίζων,
1542 1968 1697 2043 ἕτερα
1732 1964 1787 2023 δὲ
1832 1969 1991 2023 καινὰ
2034 1966 2289 2045 δαιμόνια
2332 1972 2703 2045 εἰσηγούμενος
2729 1982 2743 1995 ·

713 2070 880 2129 ἀδικεῖ
907 2072 962 2129 δὲ
987 2075 1076 2129 καὶ
1105 2074 1234 2136 τοὺς
1265 2076 1412 2136 νέους
1453 2071 1754 2150 διαφθείρων
1781 2089 1793 2100 ·
1828 2077 2036 2151 τίμημα
2072 2076 2306 2138 θάνατος
2338 2076 2390 2132 ².
2428 2096 2449 2125 »

803 2168 962 2234 Haee
987 2167 1044 2234 si
1072 2167 1512 2245 eonfe1imuS‚
1549 2184 1776 2255 neque
1800 2169 1978 2237 inter
2008 2188 2081 2237 se
2116 2189 2337 2256 neque
2361 2190 2524 2238 cum
2548 2168 2751 2236 fabu-

716 2266 824 2345 lae,
860 2263 1084 2353 qualis
1124 2268 1390 2331 servata
1413 2270 1540 2341 est,
1577 2284 1803 2353 neque
1828 2286 2066 2333 rursus
2092 2286 2250 2334 cum
2272 2268 2587 2356 priorum
2618 2271 2755 2333 Nu-

713 2378 902 2439 bium
923 2377 1316 2459 congruunt
1347 2372 1701 2460 proposito
1724 2395 1741 2451 ;
1801 2371 1923 2439 sed
1968 2373 2388 2462 respondent
2432 2394 2517 2441 ex
2560 2380 2755 2463 parte

713 2486 924 2547 sextae
965 2479 1372 2569 hypothesis
1405 2480 1798 2547 testimonio
1836 2483 1887 2559 ³,
1930 2488 2091 2569 quae'
2111 2482 2473 2571 utriusque
2490 2502 2754 2550 sermo-

713 2589 822 2654 nis
835 2586 1338 2655 aemulationem
1360 2593 1430 2655 et
1449 2601 1851 2675 φροντιστηρίου
1871 2587 2267 2656 incendium
2280 2588 2365 2657 ad
2390 2591 2755 2658 eorrectio-

711 2714 874 2761 nem
905 2695 1181 2760 inventa
1211 2693 1424 2762 fuisse
1469 2692 1697 2759 tradit.
1725 2693 1899 2770 Quid
1930 2694 2095 2763 inde
2124 2695 2215 2763 ad
2243 2717 2395 2764 rem
2434 2702 2755 2764 nostram
2790 2705 2796 2710 '

712 2800 1072 2886 sequitur?
1100 2800 1359 2886 Nempe
1391 2799 1885 2886 Aristophanes
1911 2800 2213 2888 primum
2227 2810 2511 2892 propter
2528 2803 2755 2874 subti-

711 2907 850 2974 lem
875 2904 1258 2972 disserendi
1288 2905 1648 2984 rationem,
1695 2926 2016 2994 operosas
2050 2927 2271 2997 nugas
2314 2919 2510 3000 (λήρων
2545 2921 2757 3000 διατρί-

709 3027 802 3086 εην
829 3021 1018 3100 ἀργὸν)
1057 3011 1085 3056 4
1118 3017 1188 3080 et
1216 3011 1655 3099 physicorum
1707 3011 2011 3100 ineptam
2042 3014 2583 3104 indagationem
2624 3021 2752 3086 So-

711 3122 964 3184 cratem
995 3116 1464 3204 impugnavit;
1515 3115 1767 3185 deinde
1797 3118 1869 3184 in
1909 3124 2271 3188 retractata
2297 3121 2535 3190 fabula
2563 3123 2755 3194 desi-

711 3221 940 3288 dentis
979 3221 1357 3310 disciplinae
1387 3227 1454 3290 et
1501 3243 1772 3291 morum
1834 3225 2239 3313 corruptelae
2288 3227 2492 3294 illum
2549 3249 2754 3298 reum

709 3327 868 3397 fecit
901 3352 914 3393 :
945 3327 1038 3394 ita
1067 3333 1142 3394 ut
1171 3335 1368 3395 novae
1400 3331 1605 3394 Nubes
1637 3329 1855 3418 magis
1880 3329 2091 3398 Meliti
2131 3334 2554 3402 accusationi
2600 3355 2751 3402 res-

712 3434 1064 3523 pondeant
1091 3451 1294 3521 quam
1329 3435 1710 3523 prioreS,·et
1735 3436 2041 3506 Socrates
2062 3439 2119 3504 si
2146 3441 2755 3510 correctamfabu-

709 3541 845 3608 lam
894 3540 1224 3618 novisset,
1283 3559 1422 3607 non
1485 3539 1623 3608 duo
1672 3561 1923 3629 genera
1974 3544 2559 3615 calumniatorum
2624 3549 2755 3618 sed

715 3667 932 3714 unum
969 3652 1037 3712 et
1056 3646 1198 3714 fere
1225 3644 1406 3712 idem
1465 3646 1818 3716 habuisset
1846 3648 2333 3721 refellendum.

800 3750 994 3819 Adde
1033 3751 1216 3839 quod
1271 3751 1556 3819 deorum
1616 3755 1962 3842 negationi
2035 3757 2339 3844 primum
2393 3761 2631 3828 locum
2684 3768 2756 3830 et

773 3965 791 4000 ¹
829 3964 1183 4024 PLATquob„
1219 3967 1444 4020 18A,19
1477 3966 1565 4014 BC

769 4043 793 4076 ²
826 4048 916 4099 In„
933 4043 1008 4090 24
1041 4045 1094 4099 Β,
1125 4046 1406 4096 ethvoa.
1436 4046 1569 4102 apud
1604 4047 1741 4092 one
1777 4047 1978 4104 Lanu,
2006 4049 2065 4102 ΙΙ
2100 4049 2177 4096 40

681 4169 686 4174 ,
769 4124 794 4158 ³
828 4125 1120 4171 Correctam·
1128 4123 1257 4170 hanc
1287 4124 1601 4183 hypothesim
1626 4124 1729 4171 vid.
1750 4126 1883 4183 apud
1912 4127 2155 4186 Taunum,
2182 4142 2265 4188 op.
2294 4131 2401 4188 cit„
2424 4097 2513 4193 Ιρ.
2518 4137 2564 4182 6.

769 4203 792 4238 ⁴
827 4205 968 4262 Han„
1008 4201 1144 4250 1497.
