3167 5125
1322 493 1608 552 ,95-

430 641 677 692 vocare
708 621 953 711 possis,
1012 622 1337 698 Quamvis
1384 620 1640 708 ingenii
1685 618 2026 698 acumine,
2063 617 2476 693 ,recentioris

434 728 789 820 sapientiae
824 729 1313 796 communione
1344 732 1415 794 et
1454 727 1653 795 solita
1688 725 2043 794 comoediae
2074 726 2476 813 procacitate

432 836 524 904 ad
556 836 859 923 antiquae
892 834 1242 922 religionis
1270 853 1635 902 censuram
1676 831 2118 920 insuperabili
2176 830 2476 919 quodam

434 943 741 1032 impulsu
765 941 1079 1021 ferretur,
1118 941 1409 1026 Athenis
1438 938 1866 1009 illustrandis
1915 939 2292 1026 saepissime
2309 959 2474 1006 con-

436 1050 662 1132 cessit,
708 1047 895 1136 quod
924 1047 1215 1135 Olympo
1255 1045 1652 1114 exornando
1688 1045 2018 1114 voluisset
2049 1044 2370 1134 denegari
2408 1048 2423 1090 ¹
2454 1096 2468 1120 ,

524 1157 664 1224 Hac
692 1173 965 1241 quoque
1003 1154 1267 1222 ratione
1314 1153 1603 1242 intelligi
1637 1151 1911 1241 poterit,
1947 1152 2020 1218 ni
2070 1150 2293 1232 fallor,
2349 1171 2474 1219 cur

432 1261 928 1350 Aristophanes
956 1281 1166 1348 quem
1184 1261 1341 1329 Cleo
1362 1259 1547 1328 haud
1578 1259 1990 1350 semel-moena?⁴
2019 1273 2192 1340 ξενίας
2229 1261 2256 1305 2
2278 1258 2351 1324 in
2367 1258 2475 1346 ju-

436 1369 693 1438 dicium
715 1368 972 1456 rapuit,
1011 1385 1366 1454 nunquam
1417 1365 1624 1437 fuerit
1662 1380 1900 1442 ᾰσιεείας
1926 1371 2308 1446 accusatuS,
2343 1364 2474 1434 etsi

434 1475 703 1544 crimini
727 1474 827 1541 illi
866 1473 1204 1542 comoedia
1244 1474 1461 1540 nostri
1492 1473 1946 1563 multiplicem
1982 1457 2220 1540 ansam
2259 1470 2472 1539 dede-

434 1588 560 1650 rat.
594 1581 781 1649 Nihil
810 1581 999 1649 enim
1029 1579 1269 1648 dicunt
1301 1580 1416 1668 qui
1447 1579 1719 1668 legibus
1769 1581 1839 1647 in
1887 1580 2304 1648 comicorum
2348 1579 2474 1646 im-

436 1690 762 1779 pietatem
791 1707 1149 1775 nunquam
1187 1687 1401 1756 fuisse
1434 1687 1749 1756 saevitum
1779 1685 2248 1768 contendunt;
2284 1685 2468 1752 fama

435 1797 623 1864 enim
659 1794 987 1862 traditum
1016 1800 1123 1862 est
1168 1794 1569 1881 AEschylum
1624 1793 2008 1882 piissimum
2049 1800 2322 1882 poetam
2357 1792 2470 1861 vix

434 1903 851 1982 sententiam
886 1901 1209 1990 effugisse
1226 1900 1563 1989 judicum,
1605 1921 1822 1988 quum
1858 1901 1932 1969 in
1973 1899 2306 1990 tragoedia
2342 1899 2468 1967 ali-

435 2030 570 2100 qua
598 2009 855 2079 Cereris
894 2027 1137 2076 arcana
1165 2009 1485 2097 vulgasse
1522 2011 1880 2076 accusatus
1904 2007 2108 2075 fuerit
2143 2011 2168 2054 3
2192 2029 2210 2086 ;
2237 2012 2306 2074 et
2343 2007 2472 2074 Eu·-

434 2117 729 2208 ripidem
758 2117 873 2205 qui
911 2116 1437 2204 Bellerophonte
1474 2115 1692 2204 impie
1737 2115 2138 2202 loquentem
2176 2114 2470 2183 induxe-

437 2226 546 2305 rit,
577 2225 663 2291 ab
696 2225 865 2290 irata
904 2222 1350 2292 multitudine
1380 2223 1452 2290 in
1478 2223 1740 2292 theatro
1760 2242 1937 2312 pene
1956 2221 2168 2290 fuisse
2197 2240 2469 2312 oppres-

438 2353 619 2400 sum.
640 2333 737 2398 De
764 2331 1223 2419 Aristophane
1254 2336 1509 2410 tamen,
1540 2329 1919 2416 ceterisque
1946 2329 2224 2396 comicis
2253 2329 2369 2416 qui
2398 2329 2469 2396 in

436 2438 767 2526 religione
793 2436 1323 2544 perstringenda
1340 2455 1622 2504 omnem
1673 2442 2115 2502 excesserunt
2151 2434 2462 2516 modum,

499 2633 519 2666 ¹
556 2637 613 2682 In
653 2636 749 2683 hac
781 2648 981 2694 quoque
1018 2648 1069 2681 re
1098 2638 1176 2682 Ar.
1210 2635 1472 2681 aemulatus
1500 2639 1569 2680 est
1601 2632 1870 2687 Cratinum,
1892 2632 1980 2691 qui
2008 2630 2258 2679 similibus
2281 2632 2466 2679 carmi—

438 2716 587 2762 nibus
624 2716 813 2762 civium
843 2716 1232 2763 >admirationem
1270 2714 1364 2761 sihi
1409 2726 1658 2761 summam
1697 2716 2080 2772 comparaverat.
2115 2712 2225 2759 vid.
2272 2713 2464 2767 RARKE,

435 2798 521 2843 Ar.
566 2796 677 2852 vit„
724 2796 942 2843 XXXVI.
992 2796 1095 2842 Hac
1135 2796 1321 2843 ratione
1364 2794 1718 2852 explicandum
1763 2796 1834 2839 est
1875 2806 1964 2839 cur
2005 2792 2315 2851 Apollinem,
2353 2804 2468 2839 vere

434 2880 661 2940 πατρῷον
690 2878 839 2925 deum
870 2888 1029 2935 neque
1058 2876 1408 2935 Aristophanes
1428 2887 1590 2933 neque
1608 2873 1754 2921 celeri
1778 2875 1936 2921 atticae
1961 2874 2220 2921 comoediae
2247 2876 2468 2919 auctores

438 2956 492 3001 in
524 2968 669 3002 scena
710 2956 1029 3012 vexaverint,
1061 2956 1123 3002 ad
1156 2969 1301 3015 quem
1342 2954 1498 3003 Ionici
1532 2954 1774 3013 originem
1817 2968 1961 3001 suam
2004 2954 2182 3000 referre
2221 2953 2462 3001 solebant.

434 3039 509 3084 Ita
540 3050 737 3095 quoque
774 3050 864 3083 cur
902 3036 1041 3083 Ceres
1080 3049 1164 3083 eas
1195 3045 1393 3093 quoque
1428 3035 1631 3081 facetias
1671 3046 1785 3092 quae
1829 3036 1904 3080 vel
1940 3034 2216 3081 Minervam·
2250 3033 2464 3089 laedunt,

436 3116 677 3175 effugerit.

498 3194 521 3231 ²
554 3198 733 3258 Equit„
764 3196 873 3245 475.
914 3198 1062 3255 Vesp„
1096 3196 1232 3243 1284.
1270 3196 1318 3243 Si
1346 3198 1535 3245 auctori
1560 3194 1812 3255 Aristoph.
1837 3196 1949 3241 vitae
1971 3194 2118 3241 fidem
2147 3194 2462 3249 adhibemuS,

440 3279 509 3321 ter
538 3290 568 3323 a
607 3276 789 3323 Cleone
814 3280 897 3324 Ar.
938 3278 992 3324 in
1021 3278 1270 3335 judicium
1300 3282 1371 3323 est
1398 3279 1677 3325 adductus:
1711 3292 1737 3319 «
1775 3272 1972 3332 Ἐπείδη
2001 3274 2150 3329 ξενίας
2177 3274 2282 3322 κατ’
2313 3275 2463 3323 αὐτοῦ

436 3356 621 3419 γραφὴν
654 3355 809 3413 ἔθετο,
840 3358 921 3404 καὶ
952 3356 1025 3403 ὅτι
1054 3356 1102 3404 ἐν
1128 3356 1333 3419 δράματι
1366 3358 1518 3405 αὐτοῦ
1548 3356 1866 3410 Βαὸυλωνίοις
1891 3354 2079 3403 διὲὅαλε
2105 3354 2189 3410 τὰς
2215 3354 2466 3417 κληρωτὰς

437 3436 607 3499 ἀρχὰς
630 3436 884 3499 παρόντων
912 3436 1141 3491 ξένων....
1172 3436 1413 3500 Δεύτερον
1442 3438 1493 3485 δὲ
1514 3438 1599 3485 καὶ
1625 3436 1784 3501 τρίτον
1821 3436 2195 3496 συκοφαντηθεὶς
2227 3433 2461 3497 ἀπέφυγε,

438 3532 485 3563 κ.
521 3532 565 3564 τ.
601 3518 645 3564 λ.
678 3514 839 3577 (Apud
878 3513 1083 3563 Meinek.
1109 3515 1378 3575 Ari-steph„
1407 3530 1455 3575 p.
1490 3520 1549 3565 X.
1584 3518 1658 3566 Cf.
1699 3518 1848 3571 Boon,
1883 3519 2119 3563 222-231.
2149 3516 2204 3563 Ο.
2241 3516 2462 3570 Munna,

439 3595 547 3643 408.
584 3598 732 3643 Fene.
768 3598 957 3657 Rimas,
1004 3596 1142 3654 apud
1180 3594 1401 3653 Meinek„
1440 3598 1593 3645 XVIII
1627 3602 1673 3644 et
1715 3610 1819 3655 seq.
1850 3596 1939 3644 ΤΗ.
1971 3599 2127 3653 ΚοοΚ,
2167 3596 2334 3651 Ritter,
2383 3598 2460 3642 23.

438 3677 579 3724 Falsa
607 3690 739 3724 vers,
774 3681 799 3723 5
830 3680 877 3723 et
915 3689 1016 3734 seq.
1056 3674 1446 3723 Acharnemium
1479 3678 1878 3736 interpretatione
1918 3681 1962 3723 et
2003 3676 2248 3736 permixta
2292 3674 2464 3723 fabula

438 3756 527 3803 illa
548 3768 663 3803 cum
691 3754 962 3818 Equitibue,
989 3756 1243 3803 concludit
1266 3770 1333 3803 nu
1356 3758 1486 3805 Minu
1511 3758 1528 3817 ζ
1530 3758 1856 3817 Aristophane
1884 3762 1931 3805 et
1963 3759 2170 3805 Socrate.
2207 3754 2464 3805 Revue'des

439 3826 831 3893 Πειιω-Ποηάεε,
868 3840 935 3885 1“
964 3836 1131 3895 juillet
1167 3837 1316 3895 1846,
1354 3852 1401 3897 p.
1448 3837 1547 3899 82),
1584 3840 1962 3898 Aristophanem
2003 3839 2228 3897 quinque
2267 3837 2465 3885 talentis

438 3918 729 3965 mulctatum
764 3918 917 3964 fuisse
943 3918 1074 3975 quod
1116 3918 1343 3965 Cleonem
1375 3918 1426 3964 in
1457 3918 1710 3979 Equitibus
1741 3919 2073 3973 infamaverit,
2104 3930 2259 3975 quum
2295 3921 2463 3963 contra

440 3998 553 4045 Cleo
595 4011 682 4057 per
720 3997 909 4056 equites
949 3998 1131 4045 talenta
1165 3998 1255 4044 illa
1288 3999 1460 4045 aerario
1500 3998 1749 4047 restituere
1789 3999 1884 4045 fuit
1914 4000 2126 4046 coactuS.
2161 3998 2230 4045 Cf.
2259 3998 2458 4053 RANKE,

440 4091 490 4137 p.
522 4080 714 4126 XXVII.
1931 4086 1934 4090 ·

498 4156 520 4190 ³
557 4156 709 4206 Graia.
736 4162 908 4216 Anax„
937 4162 1195 4216 Stromat.,
1222 4161 1280 4208 II.
1310 4162 1563 4219 Amare-r„
1593 4160 1723 4218 Em„
1751 4163 1828 4221 III,
1863 4164 1905 4213 1,
1932 4162 2127 4217 Sei-tae„
2151 4159 2324 4219 Epist„
2355 4161 2457 4207 115.
