3167 5125
1648 493 1930 547 ...34-

781 595 1158 707 tophaneffi
1192 636 1312 706 per
1352 614 1787 705 prudentiam
1820 615 1933 683 vel
1966 615 2295 704 pietatem
2334 614 2810 683 sacerdotibus

777 726 872 792 ait
901 724 1284 814 pepercisse
1309 730 1377 791 et
1407 723 1540 791 tela
1570 742 1695 789 sua
1720 722 1951 789 omnia
1983 722 2361 811 conjecisse
2394 722 2464 789 in
2496 735 2811 813 χρησμολό-

770 824 897 922 γοιῷς
933 844 982 899 1.
1015 829 1412 899 Sacerdotes
1443 850 1691 917 nempe
1726 834 1866 897 non
1893 829 2328 898 contumeliis
2360 835 2633 897 tantum
2664 829 2790 897 sed

773 938 1172 1007 verberibus
1214 943 1503 1004 onustos
1543 936 1613 1001 in
1657 941 1897 1002 Avibus
1950 941 2015 1003 et
2066 937 2136 1002 in
2186 939 2380 1003 Pluto
2421 935 2795 1005 habemuS.

773 1044 1110 1114 Incedunt
1171 1043 1458 1111 fastuosi
1534 1042 1797 1119 habitu,
1874 1062 2193 1111 sermone
2258 1042 2534 1132 turgidi,
2614 1043 2805 1112 avidi

774 1158 1080 1241 quaestus
1127 1157 1195 1219 et
1233 1150 1423 1239 digni
1461 1151 1576 1239 qui
1628 1154 1814 1215 corvi
1854 1155 2185 1217 vocentur
2216 1153 2271 1228 2,
2324 1170 2467 1217 non
2521 1159 2805 1239 propter

777 1259 1101 1341 colorem,
1147 1264 1223 1326 ut
1274 1256 1743 1325 nebulonibus
1777 1256 2030 1325 nostris
2061 1265 2467 1347 consuetum
2501 1262 2632 1337 est,
2682 1257 2804 1327 sed

775 1372 1052 1455 propter
1098 1364 1536 1453 rapacitatem
1557 1387 1575 1443 ;
1612 1362 1828 1431 facete
1861 1363 2144 1431 omnino
2178 1363 2493 1431 venalem
2523 1363 2799 1431 illorum
2882 1403 2890 1411 ·

774 1478 1016 1551 artem,
1053 1470 1437 1561 ampullosa
1485 1469 1694 1537 verba
1726 1476 1795 1537 et
1836 1469 1919 1536 ad
1954 1472 2491 1539 ostentationem
2518 1491 2804 1559 compo-

773 1578 904 1646 sita
922 1578 1416 1667 Aristophanes
1443 1577 1869 1667 perstringit,
1898 1577 2042 1645 sive
2072 1578 2425 1647 Hierocles
2454 1599 2805 1647 commen-

775 1685 924 1752 titio
963 1684 1284 1753 vaticinio
1328 1688 1566 1750 Pacem
1598 1684 1669 1751 in
1707 1684 1932 1753 lucem
1972 1683 2245 1773 prodire
2292 1690 2501 1765 vetat,
2544 1686 2693 1753 sive
2730 1686 2799 1751 in

773 1797 1018 1858 Avibus
1047 1804 1207 1880 εερεῡς
1230 1791 1528 1881 primum
1559 1810 1680 1880 per
1710 1790 2033 1859 ridiculos
2076 1791 2401 1881 ambages
2429 1813 2575 1861 τοῖσι
2599 1813 2804 1861 καινοῖ-

774 1934 858 1969 σιν
884 1897 1017 1976 acor,-
1057 1904 1391 1988 precatur,
1419 1910 1793 1987 χρησμολόγος
1824 1896 2073 1965 deinde
2108 1898 2371 1966 Bacidis
2409 1899 2627 1967 fretus
2660 1920 2802 1968 ora-

774 2007 952 2087 culo,
987 2006 1119 2074 Sibi
1148 2020 1354 2096 ἱμάτιον
1393 2021 1630 2095 καθαρὸν
1658 2020 1749 2075 καὶ
1784 2020 1946 2075 καινὰ
1976 2016 2163 2075 πέδιλα
2188 2006 2456 2096 repetit,
2493 2007 2640 2074 Sive
2680 2006 2799 2074 de-

772 2114 980 2201 nique
1008 2114 1077 2179 in
1111 2116 1305 2177 Pluto
1329 2114 1514 2181 Jovis
1548 2113 1923 2180 Servat-oris
1951 2112 2263 2180 minister
2288 2132 2568 2201 operam
2602 2132 2802 2181 suam

770 2240 953 2288 novo
975 2218 1104 2287 deo
1132 2219 1351 2300 offert,
1381 2218 1564 2308 apud
1590 2240 1795 2307 quem
1822 2239 2087 2287 coenam
2113 2225 2418 2308 paratam
2442 2225 2546 2288 est
2570 2239 2802 2308 reper-

770 2332 989 2408 turUS,
1034 2326 1350 2415 Olympio
1375 2326 1641 2416 jejunio
1672 2332 1980 2394 enectus.

861 2430 1114 2501 Eadem
1182 2432 1494 2502 libertate
1558 2433 1628 2499 in
1689 2432 2219 2512 sacrificiorum,
2287 2431 2751 2501 initiationum
2779 2486 2795 2512 ,

772 2541 1376 2630 precationumque
1415 2538 1701 2608 ridicula
1740 2536 2119 2607 imitatione
2173 2561 2341 2607 usus
2384 2545 2489 2608 est
2533 2540 2797 2607 Aristo-

771 2647 1062 2735 phanes,
1121 2646 1315 2724 Quod
1374 2645 1461 2713 ad
1516 2666 1754 2735 preces
1807 2652 2102 2734 votaque
2162 2647 2447 2726 attinet,
2502 2646 2680 2714 sicut
2728 2647 2799 2713 in
2882 2725 2887 2730 ⁸

771 2752 1172 2840 quotidiano
1221 2753 1394 2844 vitae·
1430 2773 1560 2819 usu
1622 2753 1796 2819 nihil
1849 2753 2149 2842 incipere
2214 2753 2529 2822 solebant
2586 2754 2797 2822 Graeci

769 2858 936 2946 quin
970 2857 1136 2926 deos
1167 2859 1295 2925 sibi
1327 2866 1647 2927 vocarent
1676 2860 1746 2926 in
1778 2859 2187 2941 subsidium,
2218 2861 2311 2928 ita
2335 2861 2406 2927 in
2428 2859 2792 2941 comoedia,

770 2965 926 3032 vitae
962 2965 1285 3054 imagine,
1319 2967 1532 3033 moris
1561 2966 1747 3033 illius
1780 2986 1957 3054 pene
1990 2967 2351 3036 innumera
2383 2967 2798 3036 documenta

769 3078 1169 3152 occurrunt,
1219 3072 1544 3161 gravibus
1594 3072 1942 3140 interdum
2006 3074 2375 3142 commixta
2432 3075 2797 3144 sententiis
2868 3075 2875 3080 ’

768 3186 972 3267 atque
1021 3179 1246 3248 verbis
1294 3185 1371 3246 ut
1419 3179 1952 3268 religiosissimae
1996 3187 2377 3269 congruant
2432 3189 2795 3250 consuetu-

767 3287 936 3369 dini,
975 3291 1044 3355 ni
1076 3289 1275 3357 tertio
1307 3309 1578 3376 quoque
1606 3309 1809 3356 versu
1844 3290 2309 3359 cavillationes
2330 3290 2795 3359 etfacetiaein-

767 3395 1127 3464 tercidant.
1167 3396 1242 3461 In
1272 3415 1407 3482 quo
1435 3416 1575 3462 non
1608 3395 1923 3484 impietas
1949 3397 2426 3485 Aristophanis
2454 3397 2797 3487 culpanda

767 3509 896 3582 est,
945 3500 1070 3568 sed
1111 3499 1544 3589 praedicanda
1591 3520 1701 3568 ars
1742 3501 1937 3585 mira,
1980 3503 2095 3589 qui
2137 3524 2349 3589 quum
2386 3503 2795 3592 religionem

764 3606 1280 3676 admiscendam
1313 3605 1610 3674 habebat
1629 3607 1901 3689 fabulis,
1945 3630 2086 3676 non
2117 3609 2336 3677 voluit
2374 3617 2795 3698 spectatores

766 3712 1122 3782 comoediae
1170 3711 1480 3780 oblivisci
1529 3713 1907 3802 propositi,·
1944 3715 2125 3782 inter
2181 3715 2357 3783 seria
2398 3718 2797 3806 comicaque

765 3819 1058 3888 dubium
1079 3819 1284 3909 elegit
1304 3817 1455 3899 iter,
1479 3818 1550 3884 in
1590 3840 1725 3906 quo
1748 3821 1928 3889 risus
1948 3822 2390 3890 veneratione
2428 3825 2790 3913 excipitur,

826 4065 846 4101 ¹
887 4069 1171 4126 Buttmann,
1196 4083 1277 4129 op.
1305 4072 1408 4126 cit..
1438 4085 1486 4131 p.
1515 4074 1592 4118 21.

825 4146 848 4182 ²
887 4152 1030 4206 Pax„
1060 4150 1179 4197 1044
1211 4157 1258 4198 et
1282 4165 1406 4210 seq.;
1432 4154 1539 4206 Αυ..
1567 4155 1657 4199 858
1688 4155 1735 4198 et
1762 4163 1886 4208 seq,
1912 4154 2001 4198 959
2032 4158 2080 4197 et
2108 4165 2238 4211 seq.:
2282 4153 2431 4211 mut„
2469 4158 2583 4203 1171
2614 4161 2661 4204 et
2692 4167 2793 4216 seq.
