3167 5125
1622 546 1694 561 -
1728 518 1803 573 53
1842 546 1903 557 -

748 640 1135 728 excogitari.
1170 643 1531 729 Postquam
1561 642 1635 708 in
1660 641 2020 710 charontis
2048 640 2297 728 cymba
2345 639 2434 707 ad
2476 638 2801 706 Plutonis

750 746 932 813 aedes
973 753 1373 835 perventum
1403 755 1507 817 est
1547 753 1562 796 ¹
1601 754 1669 815 et
1689 756 1946 815 tremor
1970 748 2197 817 omnis
2226 747 2535 825 evanuit,
2566 745 2791 813 deum

754 853 1076 939 primum,
1113 855 1444 922 Herculeo
1497 854 1762 934 habitu,
1790 854 2002 943 judex
2038 856 2281 923 AEacus
2311 853 2791 923 conviciorum

751 958 966 1025 effuso
1006 959 1231 1027 obruit
1294 954 1604 1039 flumine,
1670 956 1905 1048 quem·
1930 961 2238 1050 subrepti
2300 962 2469 1028 olim
2502 960 2792 1029 Cerberi

751 1085 944 1132 reum
985 1065 1377 1159 facit-{quaa
1407 1056 1741 1155 sequntur
1768 1054 2113 1153 Bacchum
2142 1054 2348 1135 simul
2379 1072 2590 1155 atque
2622 1068 2797 1133 Her-

753 1172 978 1239 culem
1007 1227 1022 1250 ,
1093 1193 1363 1241 necnon
1441 1174 1915 1263 Proserpinam
1988 1180 2057 1243 et
2136 1171 2399 1252 Tartari,
2458 1170 2797 1240 custodes

753 1278 1176 1366 lepidissime
1206 1285 1274 1347 et
1315 1280 1663 1348 liberrime
1719 1282 2233 1369 perstringunt;
2299 1278 2795 1347 immortalitas

752 1385 898 1473 ipsa
937 1406 1024 1454 ne
1055 1387 1414 1455 verberum
1447 1387 1726 1476 quidem
1763 1388 1999 1477 effugit
2036 1393 2303 1469 βάσανον,
2337 1387 2563 1455 donec
2600 1404 2800 1473 aper-

753 1492 840 1559 tis
887 1492 1172 1573 foribuS,
1230 1494 1648 1582 Proserpinae
1714 1494 1800 1562 de
1858 1494 2099 1563 Bacchi
2157 1493 2517 1562 divinitate
2578 1510 2797 1579 quam

751 1617 956 1667 nemo
983 1598 1231 1679 adhue,
1268 1616 1490 1689 neque
1515 1620 1835 1668 ranarum
1866 1602 2121 1669 chorus
2154 1604 2221 1679 2,
2275 1619 2503 1687 neque
2542 1598 2798 1665 AEaous

752 1707 1058 1793 agnovit,
1089 1707 1503 1795 permittitur
1527 1706 1885 1797 Judioium.
1922 1710 2070 1777 Non
2098 1714 2329 1776 tamen
2370 1706 2527 1774 ideo
2557 1702 2799 1772 omnis

752 1812 862 1880 dei
892 1813 1114 1881 irrisio
1156 1812 1441 1894 tollitur,
1505 1816 1619 1902 qui
1684 1816 1863 1883 inter
1893 1814 2298 1901 AEsohylum
2349 1810 2798 1901 Euripidem-

750 1936 886 2007 que
920 1920 1134 2008 judex
1191 1921 1496 1989 sedendo
1549 1926 1754 2009 atque
1788 1921 2060 1999 arbiter,
2106 1922 2453 2010 ignaviam
2512 1919 2801 1987 exuisse

752 2032 828 2093 ut
857 2027 1212 2094 stultitiam
1250 2033 1317 2095 et
1347 2026 1793 2094 stoliditatem
1837 2035 2221 2096 assumeret
2259 2025 2559 2095 videtur.

839 2132 1414 2202 Deformationem
1446 2134 1635 2200 illam
1663 2134 2248 2223 perpendentibus
2287 2154 2429 2200 non
2466 2138 2614 2200 tam
2654 2138 2802 2200 st'u-

749 2257 986 2327 porem
1017 2248 1247 2309 movet
1276 2244 1495 2329 poetae
1549 2241 1847 2318 lieentia,
1886 2260 2039 2328 quae
2069 2240 2235 2307 artis
2275 2246 2483 2328 atque
2524 2239 2795 2327 ingenii

747 2346 1260 2413 excusationem
1313 2353 1539 2435 potest
1583 2346 1846 2425 afferre,
1884 2366 2089 2433 quam
2130 2346 2677 2414 Atheniensium
2726 2347 2798 2411 in

753 2452 1154 2540 excipienda
1193 2452 1420 2519 fabula
1461 2453 1741 2541 plausus
1773 2459 1975 2540 atque
2004 2453 2218 2520 favor.
2252 2454 2380 2530 Qui
2407 2454 2672 2519 iterum
2706 2452 2803 2518 fa-

753 2558 988 2627 bulam
1022 2558 1250 2629 doceri
1283 2559 1734 2628 decreverunt
1780 2568 1848 2628 et
1885 2559 2419 2649 Aristophanem
2462 2561 2641 2628 oleae
2684 2580 2800 2628 sa-

749 2687 864 2734 oro
917 2685 1106 2736 ramo
1159 2672 1573 2735 coronarunt
1608 2671 1662 2733 3.
1737 2667 1860 2744 Qui
1928 2671 2301 2754 potuerunt
2354 2687 2527 2734 non
2614 2665 2804 2734 ferre

750 2772 959 2841 modo
991 2774 1115 2841 sed
1165 2792 1489 2842 coronare
1519 2774 1696 2840 hane
1726 2773 2071 2840 lasciviam
2102 2773 2625 2842 Athenienses?
2667 2774 2805 2841 Im·
2866 2761 2875 2770 ’

750 2878 1039 2957 modica,
1080 2880 1149 2946 ni
1171 2879 1392 2959 fallor,
1430 2885 1648 2968 poetae
1676 2880 1989 2947 irrisione
2009 2879 2371 2952 admoniti.
2400 2900 2545 2946 non
2576 2879 2803 2947 deum

750 2989 820 3055 in
855 2985 1137 3054 ridiculo
1166 2987 1285 3053 illo
1315 2985 1574 3053 Baccho
1602 2991 2055 3074 agnoverunt,
2084 2985 2205 3053 sed
2238 2989 2547 3075 speeiem
2576 2987 2804 3054 comi-

747 3114 896 3162 cam
936 3093 1334 3181 quamlibet,
1375 3098 1564 3159 tanto
1610 3093 1889 3159 nomine
1931 3091 2336 3160 adornatam
2379 3100 2457 3161 ut
2490 3093 2797 3162 descen-

746 3221 868 3269 sus
893 3201 1142 3268 Averni
1182 3205 1535 3288 appareret
1573 3197 1943 3286 probabilis
1970 3204 2038 3265 et
2056 3200 2477 3286 tragicorum
2508 3199 2699 3268 inter
2722 3221 2801 3268 se

745 3313 1087 3377 certamen
1117 3307 1502 3395 legitimum
1520 3303 1820 3393 judicem
1855 3303 2160 3390 haberet.

837 3415 1467 3481 Commentatorum
1509 3411 1695 3478 enim
1746 3410 2073 3497 plerique,
2111 3411 2658 3481 Stallhaumium
2692 3435 2799 3482 se-

744 3521 910 3599 cuti,
947 3540 1066 3608 per
1092 3519 1333 3587 Bacchi
1385 3533 1749 3606 personam
1794 3515 1879 3582 de
1918 3517 2190 3604 tragicis
2216 3521 2650 3587 sententiam
2696 3522 2800 3594 ,fe-

691 3695 696 3702 .
744 3633 1038 3704 rentem,
1066 3625 1397 3714 populum
1454 3619 1743 3710 intelligi
1789 3621 2285 3691 Atheniensem
2341 3625 2797 3694 demonstra-

743 3738 930 3812 runt,
960 3732 1054 3799 ita
1091 3731 1416 3799 mobilem
1447 3730 1516 3796 in
1557 3728 1801 3795 litteris
1844 3726 2029 3794 haud
2089 3748 2292 3798 secus
2329 3737 2543 3820 atque
2574 3734 2650 3800 in
2698 3735 2798 3802 ci-

804 4019 827 4064 ¹
867 4021 1014 4075 Ram,
1049 4017 1140 4064 460
1169 4020 1218 4064 et
1248 4027 1350 4075 seq.

799 4098 824 4142 8
850 4102 941 4148 290
967 4102 1015 4146 et
1037 4109 1138 4156 seq.
1172 4096 1245 4144 Cf.
1273 4095 1364 4142 460
1389 4098 1439 4142 et
1462 4105 1566 4154 seq.

804 4179 829 4225 β
853 4180 927 4239 (ἓξ.
960 4181 1152 4233 maxx,
1182 4188 1263 4236 op.
1295 4173 1452 4238 oiim-2
1487 4176 1562 4228 ¹¹.-
1649 4170 1654 4175 “
