3167 5125
1303 506 1623 563 -ssi-

448 606 838 713 censuram,
879 650 1038 699 cum
1077 605 1322 698 ardore
1345 629 1647 719 quodam
1693 628 1947 699 mentis
1982 634 2187 721 atque
2209 630 2471 721 impetu

448 738 788 807 adhibuit.
825 738 998 805 Nam
1055 735 1442 805 fabularum
1473 736 1781 826 ipsarum
1832 736 1902 804 in
1946 736 2239 805 dubium
2278 745 2476 807 vocat

449 845 812 936 originem,
891 862 1064 933 quas
1123 841 1383 912 nedum
1421 843 1723 931 antiquae
1783 843 2137 934 sapientiae
2190 842 2466 924 tribuat,
2546 930 2555 943 .
2614 868 2623 875 ·

449 962 638 1045 ἀμαθῶν
675 962 971 1028 tumme.-
1011 963 1200 1039 λόγους
1241 953 1444 1019 ¹esse
1473 950 1812 1031 affirmat;
1866 948 2179 1029 deorum,
2228 951 2469 1039 quales

447 1058 536 1126 ab
562 1058 943 1127 Homericis
980 1056 1260 1126 fuerunt
1285 1055 1704 1137 adumbrati,
1747 1061 2065 1125 naturam
2086 1062 2469 1148 corruptam

449 1170 652 1253 atque
676 1164 909 1253 inepte
932 1183 971 1234 e
999 1162 1254 1231 divinis
1279 1162 1743 1251 humanisque
1766 1164 2131 1245 conflatam
2152 1164 2475 1253 perstrin-

447 1272 548 1361 git
569 1294 590 1351 ;
615 1270 950 1340 audacem
975 1270 1062 1340 de
1087 1270 1408 1339 universa
1437 1268 1769 1359 religione
1802 1268 2300 1339 dubitationem
2324 1269 2473 1358 phi-

451 1378 979 1469 losophantibus
1013 1378 1084 1444 in
1125 1376 1455 1466 tragoedia
1482 1377 1795 1465 personis
1834 1378 1927 1445 ita
1974 1377 2470 1457 accommodat,

451 1492 530 1557 ut
568 1488 797 1576 operis
853 1486 958 1555 sui
1009 1486 1200 1576 leges
1243 1491 1448 1574 atque
1486 1484 2063 1555 consuetudinem
2101 1488 2353 1577 saepius
2375 1488 2473 1556 vi·

437 1594 695 1663 -deatur
721 1593 1032 1662 oblivisci
1064 1596 1118 1659 2.
1151 1593 1252 1661 Ne
1291 1591 1597 1660 diutius
1579 1613 1651 1661 m
1682 1597 1849 1661 nota
1872 1594 2253 1681 quaestione
2282 1614 2471 1661 com-

449 1719 701 1782 morer,
716 1702 847 1769 vix
877 1700 1058 1791 apud
1089 1701 1360 1769 Graecos
1402 1680 1858 1789 philosophos
1888 1709 2275 1790 ἀνορωπαιιδῶν
2304 1700 2471 1771 deo-

449 1827 604 1875 rum
663 1806 1064 1896 religionem
1101 1824 1490 1895 aggressOS,
1537 1812 1945 1894 argumento
1976 1806 2099 1874 ulli
2124 1827 2469 1887 occurres,

437 1912 635 2001 ¹quod
664 1934 806 1981 non
854 1913 1212 2004 Euripides
1255 1913 1509 2002 tragice
1555 1912 2077 2012 amplificaverit
2120 1922 2189 1983 et
2229 1935 2468 2005 parum

449 2040 632 2110 saepe
657 2020 1010 2110 eleganter
1057 2020 1350 2089 heroicis
1381 2019 1825 2089 sermonibus
1852 2020 2217 2091 inseruerit
2250 2026 2303 2090 3.
2335 2022 2469 2091 Ita-

447 2144 582 2217 que
611 2128 1106 2218 Aristophanes
1149 2128 1220 2195 in
1261 2126 1621 2195 Teleclidis
1681 2126 2067 2218 fragmento
2094 2128 2467 2218 tragoedias

449 2234 786 2325 Euripidis
815 2248 1287 2325 σωρπογόμφους
1319 2234 1346 2279 4
1383 2235 1673 2313 vocavit,
1708 2241 1781 2303 et
1810 2241 2105 2324 poetam,
2132 2235 2361 2324 quoad
2383 2236 2470 2308 de

449 2363 522 2411 re
577 2341 972 2411 obscuriore
1016 2340 1352 2432 judicium
1381 2341 1561 2410 ferre
1606 2341 1789 2420 licet,
1828 2343 1901 2408 in
1948 2342 2291 2431 prioribus
2327 2344 2470 2411 Nu·

449 2447 653 2517 bibus
679 2448 934 2517 Socrati
971 2447 1350 2538 conjunxit,
1387 2448 1503 2535 qui
1533 2446 1888 2517 dicebatur
1913 2466 2075 2517 eum
2106 2448 2177 2515 in
2216 2448 2470 2519 fabulis

449 2553 832 2624 scribendis
887 2552 1212 2646 adjuvare
1244 2559 1298 2622 5.
1361 2553 1584 2623 Ambo
1648 2553 1807 2622 huic
1867 2575 2067 2623 novae
2124 2555 2473 2644 sapientiae

448 2662 583 2751 legi
640 2659 893 2729 addicti
934 2660 1150 2730 fUiSSO
1212 2661 1535 2731 Videntur
1566 2687 1580 2728 :
1644 2662 1825 2742 μηδὲνι
1851 2661 1991 2740 ἄλλῳ
2030 2669 2296 2724 πείθεσθαι
2333 2667 2365 2730 ἦ
2402 2675 2476 2744 τῷ

447 2777 582 2853 λόγῳ
614 2771 666 2848 ⁸,
688 2775 760 2836 et
775 2787 980 2858 supra
1005 2774 1397 2838 commenta
1417 2769 1797 2857 antiquitus
1818 2768 2082 2849 tradita,
2104 2771 2475 2841 collocasse

450 2872 637 2962 quod
665 2873 808 2941 acie
826 2874 1080 2942 mentis
1105 2893 1348 2942 verum
1387 2893 1805 2963 aequumque
1836 2893 1991 2944 esse
2013 2879 2421 2966 agnoverint
2454 2903 2467 2946 ε

447 2991 645 3071 τρόπος
665 2994 777 3049 ἐστὶ
805 2993 1048 3070 χρηστὸς
1079 2993 1462 3070 ἀσφαλέστερος
1486 2993 1651 3070 νόμου
1702 2983 1755 3048 ⁷.
1798 2981 1992 3060 Quod
2038 2982 2126 3050 ad
2173 2983 2343 3053 deos
2363 3006 2471 3054 re·-

448 3087 916 3176 ligionemque
973 3095 1282 3156 veterum
1331 3088 1599 3168 attinet,
1642 3107 1901 3170 nonne,
1954 3088 2324 3178 plaudente
2348 3092 2471 3160 So-

447 3199 652 3278 crate,
696 3194 1152 3285 Bellerophon
1181 3193 1297 3263 ille
1325 3193 1396 3262 in
1441 3199 1609 3262 Pace
1646 3201 1789 3264 tam
1830 3195 2045 3264 faceta
2090 3196 2473 3268 imitatione

450 3299 900 3382 deformatuS,
935 3301 1342 3370 exclamavit
1371 3301 1442 3369 in
1477 3321 1683 3386 scena
1730 3305 1785 3369 ⁸:

510 3532 530 3567 ¹
568 3530 762 3580 Exsul.
795 3529 927 3594 fior„
955 3535 1092 3582 133³.

507 3610 533 3645 ²
565 3611 677 3660 vid.
699 3612 758 3660 iu
779 3612 958 3672 primis
985 3611 1222 3674 nonaup.
1239 3612 1437 3678 philos„
1466 3616 1648 3677 fragm.
1678 3615 1786 3666 488.

509 3691 535 3726 ⁸
568 3691 641 3740 Gr.
673 3693 955 3750 Naaman„
985 3706 1068 3753 op.
1099 3695 1204 3752 cit„
1233 3695 1358 3752 vm,
1391 3698 1418 3743 9
1447 3700 1494 3744 et
1519 3709 1624 3756 ³0⁴1.

509 3769 535 3807 ⁴
565 3771 810 3822 Cori-ectio
835 3773 1126 3831 Hennam,
1153 3771 1361 3837 Proefat.
1393 3773 1462 3824 ad
1487 3777 1641 3836 Nat..
1666 3779 1798 3828 111.

507 3851 532 3886 ⁸
565 3853 836 3910 Patauino,
863 3851 1072 3916 Profat.
1105 3854 1176 3904 ad
1195 3854 1350 3914 nub„
1379 3859 1455 3906 ¹2.
1487 3859 1560 3908 ut.
1590 3860 1729 3913 nmo.
1756 3859 1939 3923 Lam,
1970 3861 2032 3919 ΙΙ,
2060 3863 2135 3910 1⁸.
2170 3861 2225 3914 Ο.
2252 3861 2473 3918 λίπω,

445 3945 527 4016 op.
559 3934 668 3990 cit„
691 3934 753 3990 11,
780 3932 891 3982 408.

473 4009 532 4044 ‘
563 4013 733 4067 mr..
764 4011 904 4073 Apol.

505 4090 527 4126 '¹
566 4093 763 4148 Enni».
797 4091 997 4150 Firmi..
1021 4089 1183 4156 stay„
1217 4097 1325 4143 5⁹8.

507 4170 532 4205 ⁸
567 4173 661 4230 In„
688 4170 980 4233 Bellen-oph„
1008 4171 1216 4236 fragm..
1243 4177 1350 4226 800.
