3167 5125
1329 572 1397 581 .-
1435 542 1469 597 7
1509 573 1577 583 ..-

437 668 920 757 improbosque
969 668 1288 736 effecerit:
1333 669 1568 756 Neque
1620 667 1708 736 de
1754 670 1907 737 aliis
1957 675 2225 737 tantum
2275 670 2460 738 Aris-

435 776 776 865 tophanes
805 783 946 844 tam
978 794 1254 865 gravem
1289 776 1707 843 sententiam
1737 775 1922 854 tulit,
1959 776 2107 865 ipse
2136 777 2314 844 intra
2346 796 2462 845 co·
2562 858 2569 865 ,

433 884 706 952 moediae
748 884 1093 951 licentiam
1123 888 1313 951 tutus
1339 906 1354 961 ;
1387 881 1509 949 sed
1540 881 1824 971 perinde
1854 882 2457 979 atque'AEschylus

435 993 505 1059 in
569 991 914 1079 epitaphio
977 1012 1102 1058 suo
1165 988 1533 1078 tragoedias
1600 1008 1758 1055 suas
1812 990 2041 1057 omisit
2094 995 2171 1057 ut
2221 988 2461 1057 bellica

437 1099 676 1167 merita
718 1103 982 1164 tantum
1026 1096 1324 1165 traderet
1365 1097 1659 1185 posteris
1702 1102 1745 1176 ¹,
1784 1096 1875 1163 ita
1918 1098 2455 1187 Aristophanes,

434 1206 706 1293 quoties
750 1205 823 1270 in
875 1203 1315 1293 parabasibus
1345 1209 1564 1273 artem
1598 1224 1794 1272 suam
1844 1204 2315 1286 commendat,
2376 1204 2461 1273 de

435 1313 888 1381 delectatione
921 1314 1114 1401 cujus
1145 1318 1380 1379 auctor
1408 1317 1512 1379 est
1542 1310 1806 1379 civibus
1844 1331 2081 1400 pauca,
2120 1310 2207 1380 de
2242 1311 2457 1401 probo

432 1420 520 1487 ad
543 1439 910 1488 commune
939 1419 1200 1486 bonum
1223 1418 1775 1508 promovendum
1804 1418 2060 1497 anim0,
2094 1419 2455 1487 innumera

435 1526 759 1617 praedicat
792 1530 846 1591 2.

527 1638 684 1703 Haec
703 1656 843 1703 non
866 1654 1044 1703 nova
1066 1634 1189 1702 sed
1218 1633 1571 1723 popularia
1595 1630 1683 1700 de
1704 1636 2063 1721 poetarum
2084 1631 2305 1701 officio
2324 1633 2461 1722 pla-

432 1744 563 1810 cita
586 1742 936 1831 professus
961 1741 1453 1831 Aristophanes
1479 1745 1547 1807 et
1573 1739 1812 1827 seipse
1836 1738 2079 1807 extulit
2105 1745 2173 1807 et
2198 1740 2454 1828 Euripi-

432 1850 590 1918 dem
611 1850 992 1940 opprimere
1013 1850 1082 1916 in
1116 1852 1313 1916 Ranis
1332 1847 1668 1936 praecipue
1688 1851 1972 1913 conatus
1996 1851 2124 1913 est.
2156 1845 2294 1913 Sibi
2316 1866 2459 1914 non

432 1958 758 2046 sapientis
811 1962 1078 2023 tantum
1128 1954 1367 2022 comici
1416 1952 1693 2021 laudem
1741 1953 2104 2041 arrogavit,
2140 1953 2256 2041 qui
2288 1966 2457 2033 ἀλεξί-

363 2133 368 2137 ,
429 2099 589 2141 naxo<
619 2071 688 2132 et
721 2080 991 2154 καθαρτὴς
1027 2063 1320 2130 civitatis
1352 2082 1494 2128 suae
1543 2060 1844 2128 extiterit
1879 2064 1944 2139 3;
1982 2058 2103 2128 sed
2158 2060 2459 2149 Euripidi

434 2173 748 2240 meritam
808 2171 1026 2239 voluit
1081 2168 1442 2237 detrahere
1497 2187 1823 2235 coronam
1882 2166 2067 2256 quod
2130 2167 2457 2235 vitiorum

432 2278 743 2345 omnium
775 2278 844 2343 in
877 2296 1078 2345 scena
1111 2275 1611 2365 spectatoribus
1648 2276 1961 2363 exempla
1990 2280 2058 2342 et
2086 2274 2457 2363 impietatis

432 2386 843 2453 documenta
875 2383 1185 2452 ediderit.
1221 2384 1297 2450 In
1330 2383 1559 2471 ipsum
1599 2381 1807 2471 igitur
1858 2400 2082 2469 neque
2116 2382 2456 2449 immerito

432 2493 567 2559 tela
637 2492 751 2558 illa
809 2496 1099 2582 possunt
1152 2490 1530 2579 retorqueri
1587 2510 1740 2578 quae
1792 2488 2093 2579 AEschyli
2159 2489 2456 2578 jaculata

431 2620 638 2667 manu
673 2598 1009 2688 Euripidis
1040 2600 1468 2668 intentantur
1506 2597 1882 2686 tragoediis,
1917 2597 2009 2665 ita
2042 2603 2115 2665 ut
2147 2617 2229 2665 ex
2261 2597 2452 2664 Aris-

429 2704 750 2794 tophanis
801 2705 1018 2792 ipsius
1065 2703 1538 2785 confessione,
1599 2704 1745 2772 haec
1796 2709 2030 2773 nostra
2080 2703 2451 2793 disputatio

429 2833 570 2879 non
617 2817 980 2880 excusetur
1025 2812 1251 2878 solum
1305 2811 1426 2878 sed
1460 2816 1805 2880 evocetur.
1838 2813 1991 2879 Non
2044 2811 2230 2879 enim
2280 2823 2458 2898 γέλοια

431 2923 735 2996 tantum,
788 2916 972 3005 quod
1017 2917 1373 3006 proprium
1412 2922 1518 2984 est
1548 2916 1940 2996 comoediae‚
1999 2917 2121 2986 sed
2176 2927 2454 2988 σπουδαῖα

429 3044 702 3112 quoque
733 3023 976 3092 docere
1007 3044 1081 3091 se
1111 3024 1183 3090 in
1215 3044 1417 3092 scena
1446 3030 1552 3092 est
1579 3025 1931 3114 professus
1968 3024 2035 3103 ’ῖς
2068 3033 2364 3114 τρυγῳδίαν
2392 3037 2455 3090 τὸ

425 3141 626 3200 δίκαιον
659 3132 831 3199 scire
871 3136 938 3198 et
977 3150 1051 3198 se
1089 3147 1310 3222 χρηστὰ
1336 3147 1493 3222 λέγειν
1521 3134 1594 3200 in
1629 3131 1965 3208 civilibus,
2016 3129 2356 3218 religiosis
2384 3133 2458 3195 et

429 3237 802 3305 moralibus
827 3238 1032 3306 rebus
1055 3239 1443 3320 declaravit,
1468 3241 1560 3306 ita
1582 3245 1661 3306 ut
1684 3237 2283 3328 grammaticorum
2306 3254 2454 3302 eru-

429 3343 744 3412 ditissimi
797 3344 1050 3434 duplici
1101 3347 1404 3428 nomine,
1455 3347 1621 3414 artis
1659 3346 1917 3414 scilicet
1961 3349 2029 3412 et
2072 3341 2447 3432 sapientiae,

427 3457 544 3518 aut
581 3450 976 3519 infamarint
1006 3451 1202 3520 illum
1241 3459 1358 3520 aut
1395 3453 1828 3522 laudaverint
1861 3456 1912 3519 5.

516 3558 897 3646 Utcumque
926 3578 1000 3626 se
1030 3580 1141 3627 res
1172 3560 1401 3640 habet,
1446 3550 1923 3650 Aristophanis
1951 3555 2289 3627 comoedia
2318 3556 2451 3626 etsi

488 3806 508 3842 ¹
544 3809 616 3857 Cr.
653 3811 710 3858 Ο.
739 3809 962 3863 Munnnn,
998 3811 1223 3859 Litterat.
1258 3824 1358 3871 qr„
1385 3813 1446 3868 11,
1477 3811 1584 3860 408.

484 3886 509 3922 ²
541 3889 783 3947 Acharn„
815 3889 906 3939 496
932 3895 980 3938 et
1009 3903 1108 3951 seq.

486 3969 510 4004 ⁸
550 3973 700 4030 γαρ..
736 3971 872 4020 1043.
906 3974 1053 4030 Pam„
1080 3972 1170 4021 734
1194 3976 1242 4020 et
1269 3986 1370 4032 seq.

486 4048 510 4084 ⁴
548 4053 690 4108 Han„
724 4055 830 4100 389.
858 4051 1060 4110 Αοὴαν.,
1094 4056 1205 4101 502.
1234 4056 1379 4110 Rau„
1414 4057 1522 4110 686,
1553 4056 1695 4102 1055.
1725 4055 1911 4115 Equit„
1940 4054 2047 4100 576.

487 4129 510 4164 ⁵
544 4135 812 4181 Accusatur
829 4134 936 4190 jam
961 4134 1237 4195 antiquitus
1265 4148 1295 4182 a
1319 4136 1547 4192 Lucum,
1572 4134 1667 4182 Bis.
1699 4146 1882 4190 αοοω..
1914 4133 1938 4196 ξ
1972 4135 2058 4190 33ς
2089 4146 2120 4179 a
2150 4133 2444 4184 Paua-Aaou„

425 4211 626 4271 norat„
657 4216 747 4262 853
773 4218 826 4262 et
851 4227 954 4274 seq.
