3167 5125
1558 531 1627 542 ....
1655 501 1737 556 82
1772 533 1840 543 ..

700 651 857 697 mur
890 651 904 695 ε
940 627 1256 716 religiosa
1283 626 1529 694 mediae
1570 628 1787 694 aetatis
1816 627 2146 708 dramata,
2181 629 2394 716 impia
2440 647 2570 694 nos
2612 627 2715 694 fa-

692 739 913 805 cimus
942 727 1349 825 plerumque
1368 740 1606 802 nostra
1625 735 2188 822 interpretatione
2221 740 2288 801 et
2318 755 2441 822 pro
2478 721 2717 802 nostra

682 843 1069 934 judicantes
1134 840 1678 921 consuetudine;
1769 842 2250 930 Aristophanis
2325 840 2718 920 fabularum

691 971 847 1040 pars
888 971 1039 1037 quae
1068 951 1137 1014 in
1168 967 1519 1015 sacrorum
1540 947 2038 1017 deformatione
2051 955 2388 1028 versatur,
2423 948 2710 1028 auctori,

690 1055 1186 1146 spectatoribus
1214 1055 1455 1121 Atticis
1489 1053 1804 1121 eamdem
1829 1055 1970 1122 fere
1989 1055 2414 1143 impietatem
2446 1061 2720 1144 porten-

692 1163 942 1230 derunt
989 1181 1195 1249 quam
1233 1161 1744 1244 {recentioribus
1795 1180 1944 1228 eam
1990 1161 2456 1249 judicantibus
2481 1186 2498 1241 ;
2543 1160 2718 1228 illud

692 1277 959 1338 tantum
987 1270 1295 1335 interest.

774 1374 1170 1443 Recentiora
1225 1380 1611 1440 nostrarum
1673 1374 2081 1464 religionum
2143 1375 2488 1464 dogmata,
2549 1365 2738 1440 cen-'

692 1503 870 1552 surae
909 1480 1135 1550 omnis
1182 1480 1627 1568 impatientia,
1669 1501 1808 1548 non
1857 1481 2238 1548 doctrinam
2273 1481 2480 1550 modo
2533 1483 2712 1548 anti-

691 1591 925 1678 quitus
958 1587 1274 1654 traditam
1306 1593 1373 1653 et
1406 1594 1742 1676 praecepta
1771 1609 1924 1674 quae
1953 1587 2039 1654 ad
2076 1589 2280 1658 deum
2324 1589 2716 1657 referuntur

690 1703 1061 1772 auctorem,
1118 1693 1450 1761 adversus
1510 1694 1850 1762 curiosam
1903 1695 2504 1783 investigationem
2555 1716 2714 1762 mu—

693 1804 915 1881 niunt,
979 1800 1099 1868 sed
1160 1801 1568 1868 exteriorem
1639 1801 1863 1868 cultus
1905 1809 2330 1890 apparatum,
2385 1801 2714 1868 mobilem

692 1929 1037 1978 sacrorum
1072 1907 1539 1974 conditionem
1570 1912 1638 1973 et
1669 1906 2102 1975 sacerdotum
2150 1909 2456 1996 ipsorum
2485 1907 2716 1996 specie

688 2016 957 2103 pietatis
1004 2019 1433 2093 commenta,
1493 2013 1738 2081 eodem
1793 2015 2044 2102 saepius
2094 2015 2354 2081 habent
2401 2015 2550 2082 loco
2600 2013 2716 2081 vel

691 2123 949 2210 majore
1002 2121 1442 2188 veneratione
1504 2120 1874 2207 excipiunt.
1961 2120 2162 2210 Apud
2224 2122 2710 2200 AthenienseS,

690 2247 938 2316 magna
978 2227 1311 2294 libertatis
1340 2233 1530 2316 parte
1558 2247 1903 2305 concessa,
1930 2228 2105 2294 sicut
2133 2248 2332 2295 novae
2359 2247 2715 2294 sacrorum

691 2335 929 2402 formae
994 2354 1133 2401 non
1204 2332 1726 2422 respuebantur,
1795 2333 2174 2401 dummodo
2239 2355 2378 2402 non
2431 2333 2718 2422 indigna

688 2442 1332 2511 commendarentur
1360 2440 1760 2507 auctoritate
1781 2446 1848 2506 et
1885 2440 2172 2528 origine,
2199 2443 2292 2508 ita
2311 2461 2584 2528 quoque
2605 2459 2712 2508 sa-

687 2549 1045 2619 cerdotum
1076 2555 1143 2617 et
1180 2548 1727 2616 caerimoniarum
1759 2546 2011 2635 quibus
2037 2548 2225 2637 vulgi
2270 2553 2536 2617 mentes
2562 2568 2719 2636 cap-.

688 2666 833 2727 tare
862 2658 1243 2737 tentabant,
1280 2654 1552 2744 publica
1581 2654 2105 2743 permittebatur
2151 2674 2461 2724 censura.
2508 2654 2713 2721 Pote—

687 2772 790 2831 rat
844 2764 1285 2830 Atheniensis
1341 2762 1708 2850 impietatis
1766 2762 2152 2850 suspicione
2215 2782 2473 2829 vacuus
2525 2781 2707 2837 esse,

687 2876 755 2937 et
784 2870 1119 2937 Eleusinis
1160 2868 1410 2957 dignus
1457 2868 1984 2947 initiationibuS,
2030 2870 2158 2936 etsi
2191 2868 2552 2957 AEsculapii
2587 2866 2714 2933 ab—

684 2975 1007 3044 horrebat
1035 2975 1405 3052 miraculiS,
1450 2982 1569 3042 aut
1617 2975 2084 3062 Corybantum
2139 2973 2498 3042 deridebat
2529 2979 2712 3060 tym-

632 3084 635 3086 “
686 3103 883 3172 pana.
914 3082 1103 3161 Quod
1136 3072 1356 3171 genus
1384 3082 1716 3149 irrisionis
1746 3083 1934 3169 leges
1965 3101 2318 3169 nunquam
2348 3080 2717 3169 prohibue-

682 3196 866 3271 runt,
938 3210 1163 3276 neque
1218 3189 1303 3256 ad
1342 3204 1577 3265 ἁσεὸείας
1636 3189 1894 3255 crimen
1947 3186 2503 3255 convincendum
2529 3188 2714 3274 quis·

684 3316 892 3385 qnam
930 3296 1261 3363 evocavit.
1296 3297 1445 3363 Non
1476 3295 1769 3363 excessit
1799 3296 2006 3383 igitur
2033 3296 2105 3360 in
2139 3295 2252 3361 his
2297 3295 2617 3383 ingenuae
2643 3298 2715 3361 et

682 3403 981 3471 liberalis
1015 3403 1467 3470 cavillationis
1500 3404 1676 3469 fines
1707 3408 1965 3481 noster,
1996 3422 2149 3489 quae
2181 3407 2452 3469 tantum
2485 3420 2717 3469 recen-

682 3508 873 3576 tioris
903 3515 1155 3576 nostrae
1180 3488 1634 3577 intolerantia}
1683 3528 1886 3575 causa
1923 3509 2256 3597 superiori
2287 3506 2582 3597 capitulo
2603 3506 2717 3573 in-

682 3614 973 3684 serenda
1010 3615 1425 3704 putavimus.
1471 3615 1706 3684 Videre
1731 3621 1835 3683 est
1856 3616 2125 3682 interim
2168 3620 2503 3703 quantum
2536 3614 2718 3682 inter

683 3722 1210 3791 Atheniensium
1250 3722 1321 3788 in
1368 3722 1706 3811 religiosis
1737 3722 2066 3810 vexandis
2104 3720 2513 3801 libertatem,
2547 3739 2714 3786 nos-
2769 3792 2776 3797 ,

682 3917 867 3973 fabulis
889 3918 1154 3976 deperditis
1180 3917 1375 3976 loquar)
1400 3918 1714 3966 manifestius
1731 3920 1786 3967 fit
1804 3920 1937 3979 apud
1959 3932 2266 3967 successores
2285 3918 2448 3977 quiin
2467 3916 2716 3965 comoedia

682 3996 846 4043 media
875 3997 1209 4044 elaborarunt.
1253 3998 1325 4045 Cf.
1365 4000 1692 4055 ΒΕΒΝΗΑΒΒΥ,
1728 4001 1792 4061 11,
1833 3999 1921 4047 594
1952 4016 1964 4046 :
1997 4016 2024 4042 ιι
2059 3996 2152 4045 Der
2181 3998 2512 4057 parodischen
2551 3998 2716 4044 OEko-

682 4076 847 4123 nomio
875 4076 1073 4123 dientcn
1106 4076 1223 4123 aber
1257 4077 1522 4124 besonders
1548 4079 1628 4125 die
1665 4080 1865 4139 Mythen
1894 4080 1968 4126 als
2008 4080 2258 4138 poetische
2287 4080 2470 4127 Hiillen
2499 4079 2714 4125 interes—

680 4160 846 4203 santer
870 4155 1210 4203 Geschiehten.
1251 4172 1277 4199 ι)
