3167 5125
1537 524 1605 535 -
1644 494 1818 552 18..—

665 622 956 711 posteris
1017 620 1376 711 disserere,
1415 618 1987 709 communicatio.
2050 621 2187 703 Aut
2238 618 2309 685 in
2360 618 2706 698 concione-

666 736 968 799 oratores
1024 749 1178 817 quae
1225 726 1353 795 sibi
1406 726 1880 816 probarentur,
1908 725 1989 793 ad
2033 744 2176 795 rem
2226 726 2569 815 publicam
2622 730 2691 794 et

665 837 953 921 civitatis
979 834 1645 904 administrationem
1690 835 2124 923 pertinentia,
2178 830 2359 923 plebi
2408 850 2689 923 persua-

663 943 951 1025 debant;
993 949 1111 1010 aut
1133 941 1549 1031 philosophi,
1590 942 1659 1007 in
1708 940 1891 1008 ludis
1925 948 1992 1009 et
2022 940 2401 1031 gymnasiis
2426 992 2443 1023 ,
2500 937 2685 1021 dein,

665 1053 934 1119 Socrate
959 1058 1257 1129 auctore,
1297 1068 1415 1137 per
1447 1049 1593 1131 vias
1632 1055 1700 1123 et
1744 1050 2040 1137 compita
2080 1070 2235 1115 cum
2287 1048 2693 1125 adolescen-‚

665 1159 847 1225 tibus
906 1158 1283 1245 praesertim
1343 1156 1956 1244 colloquebantu1¹;
2033 1163 2149 1223 aut
2200 1156 2391 1225 festis
2444 1155 2687 1223 Bacchi

665 1266 1123 1353 Minervaeque
1192 1262 1642 1343 solemnibus,
1718 1263 2069 1352 tragoediae
2132 1262 2503 1352 primordia
2569 1283 2688 1329 ur-

666 1373 882 1452 bium,
909 1369 1202 1439 heroicis
1220 1370 1558 1437 illustrata
1574 1370 1847 1449 fabulis,
1876 1370 1944 1435 in
1964 1390 2233 1437 scenam
2253 1369 2684 1449 .deferebant;

666 1477 1022 1547 comoediae
1069 1476 1320 1545 deinde
1367 1478 1813 1566 praesentium
1858 1497 2087 1544 rerum
2133 1477 2490 1544 ridiculam
2538 1496 2691 1545 cen—

665 1607 894 1655 suram
920 1586 991 1652 in
1031 1584 1557 1653 delectationem
1611 1584 1989 1651 vertebant.
2057 1585 2411 1673 Nusquam
2459 1584 2693 1651 aberat

667 1696 1060 1763 divinorum
1078 1712 1240 1760 cura
1260 1698 1327 1761 et
1347 1693 1933 1793 commemoratio,
1954 1693 2269 1775 Oratores
2287 1692 2692 1780 plerumque

667 1802 1109 1869 consiliorum
1133 1821 1416 1869 suorum
1449 1800 1853 1888 religionem
1874 1798 2275 1888 adjutricem
2313 1798 2685 1877 habebant,

670 1916 737 1977 et
777 1907 1210 1977 oraculorum
1240 1906 1568 1997 dignitate
1592 1908 1934 1997 propriam
1969 1927 2161 1975 suam
2217 1906 2691 1973 auctoritatem

668 2016 907 2085 fulcire
965 2014 1410 2103 conabantur.
1491 2014 1890 2103 Philosophi
1950 2035 2247 2102 quorum
2315 2014 2692 2102 disciplinae

668 2124 970 2212 primum
997 2122 1260 2211 privato
1300 2120 1643 2209 colloquio
1671 2126 1788 2189 aut
1833 2122 2001 2189 raris
2040 2120 2230 2188 libris
2293 2142 2412 2209 per
2453 2120 2692 2187 urbem

670 2230 1256 2311 diffundebantur,
1329 2229 1795 2319 sophistarum
1860 2230 2141 2298 nomine
2198 2236 2561 2317 postquam
2620 2229 2689 2293 in

669 2336 942 2426 publico
973 2337 1147 2403 sicut
1206 2340 1509 2405 oratores
1552 2342 2017 2425 apparuerunt
2069 2340 2138 2404 et
2192 2337 2498 2403 Socrates
2547 2335 2693 2423 ipse

669 2444 1070 2533 popularem
1147 2442 1661 2531 quodammodo
1738 2443 2031 2511 docendi
2122 2442 2695 2511 consuetudinem

623 2638 626 2640 v
669 2551 851 2631 fecit,
883 2551 1221 2641 sapientia¹
1234 2550 1372 2632 illa,
1399 2550 1886 2641 superstitione
1910 2550 2315 2631 abhorrenS,
2337 2548 2696 2618 videbatur

669 2661 968 2748 quasiin
1001 2648 1372 2728 certamine
1424 2679 1581 2725 cum
1638 2658 2037 2748 demagogis
2088 2658 2693 2746 sacerdotibusque

671 2765 1000 2847 aemulari,
1039 2773 1107 2834 et
1141 2765 1424 2834 rationis
1453 2767 1829 2838 constituto
1869 2767 2182 2855 imperio,
2218 2765 2507 2855 publicis
2555 2767 2695 2856 pri-

673 2876 983 2962 vatisque
1006 2873 1406 2941 vulneribus
1423 2871 1763 2942 medelam
1788 2874 2052 2940 afferre.
2074 2872 2431 2962 Tragoedia
2446 2893 2699 2944 comce-

672 2979 918 3070 diaque
948 2980 1076 3047 etsi
1101 2980 1316 3046 rarius
1349 2987 1415 3048 et
1457 2980 1661 3050 certis
1699 2985 1969 3047 tantum
2019 2979 2262 3048 diebus
2301 2979 2689 3068 prodibant,

669 3088 1055 3177 gratissima
1131 3085 1338 3154 simul
1421 3093 1489 3154 et
1563 3085 2033 3154 efficacissima
2111 3093 2449 3177 potestate
2521 3087 2697 3154 frue-

672 3195 943 3262 bantur.
983 3194 1240 3284 Quippe
1271 3193 1889 3284 religionisspecie.
1914 3194 2317 3284 spectaculis
2361 3195 2695 3264 interesse

674 3322 826 3368 mos
883 3306 1050 3381 erat,
1115 3321 1257 3369 non
1313 3299 1852 3368 Atheniensibus
1910 3298 2141 3369 solum»
2187 3300 2310 3370 sed
2372 3301 2696 3370 omnibus

674 3409 946 3476 Graeciae
965 3408 1286 3498 gentibus
1307 3430 1460 3496 quae
1485 3409 2094 3476 Panathenaeorum
2119 3415 2187 3478 et
2211 3409 2695 3496 Dionysiorum

675 3516 1103 3584 solemnibus
1166 3517 1408 3583 urbem
1483 3515 1568 3582 ad
1645 3514 1713 3582 id
1779 3516 2114 3605 praecipue
2168 3515 2559 3585 invisebant
2618 3521 2697 3583 ut

674 3625 961 3694 scenicis
984 3623 1264 3692 ludicris
1293 3622 1637 3690 adessent.
1675 3625 2035 3692 Poetarum
2064 3625 2161 3691 illi
2194 3624 2311 3713 qui
2342 3623 2694 3714 egregium

674 3732 846 3799 illud
885 3731 1096 3799 totius
1122 3729 1393 3797 Graeciae
1433 3729 1855 3799 delectandae
1919 3739 2124 3821 atque
2184 3731 2581 3800 erudiendae
2627 3731 2697 3797 in

555 3843 562 3852 ’
676 3841 943 3907 theatro
975 3858 1231 3905 munus
1279 3836 1406 3903 sibi
1448 3835 1905 3920 vindicarunt,
1959 3840 2194 3928 patriae
2235 3839 2587 3928 religionis
2628 3839 2698 3904 in

679 3947 892 4015 tutela
915 3945 1252 4024 collocati,
1306 3949 1374 4010 et
1413 3963 1496 4011 ex
1547 3945 1897 4013 veteribus
1944 3945 2339 4015 fabularum
2392 3945 2703 4016 fontibus

676 4054 1033 4122 materiam
1059 4071 1350 4141 operum
1401 4072 1685 4120 suorum
1739 4055 2095 4123 trahentes
2135 4075 2277 4124 non
2328 4060 2705 4144 potuerunt

677 4163 840 4252 quin
887 4181 1046 4230 vera
1076 4160 1327 4252 pietate
1358 4159 1544 4228 ducti
1576 4167 1695 4230 aut
1728 4162 1971 4231 saltem
1997 4165 2161 4232 artis
2214 4163 2403 4254 leges
2456 4163 2702 4246 secuti,
