3167 5125
1521 513 1840 566 —124-

670 636 897 705 dixit?
934 635 1108 714 Quid
1162 639 1398 703 contra
1466 655 1660 723 aequa
1716 637 1856 715 illa,
1933 635 2208 724 sapiens
2269 639 2338 702 et
2394 635 2694 703 liberalis

671 745 847 812 Pluti
901 748 1227 832 potestaS‚
1273 743 1407 833 nis-i
1452 763 1693 810 verum
1753 763 1832 811 ac
1887 763 2135 832 purum
2191 761 2472 822 numen,
2509 741 2696 830 quod

670 849 921 917 frustra
966 850 1032 915 in
1094 847 1630 916 fabulationibus
1681 849 1980 936 antiquis
2029 851 2359 937 requiras,
2418 849 2505 916 de
2555 867 2694 936 quo

671 956 1233 1045 philosophijam
1294 954 1507 1022 multa
1538 955 1884 1035 viderunt,
1940 961 2144 1044 atque
2201 977 2282 1024 eo
2344 957 2496 1044 ipso
2527 961 2694 1023 tem-

671 1083 834 1152 pore
866 1049 1051 1129 Plato
1097 1068 1253 1150 post
1289 1061 1632 1129 Socratem
1683 1063 2198 1150 praeclarissime
2255 1060 2696 1151 disputabat?

758 1169 1011 1236 Fabula
1040 1173 1274 1236 tamen
1312 1168 1450 1246 illa,
1488 1174 1809 1256 provecta
1825 1171 1968 1258 jam
1991 1169 2467 1257 Aristophanis
2493 1173 2696 1236 aetate

674 1275 1033 1364 exscripta,
1082 1274 1354 1342 tristitia
1392 1275 1686 1362 quadam
1721 1282 1790 1344 et
1845 1275 2045 1344 taedio
2083 1277 2539 1344 humanarum
2588 1294 2696 1342 re-

675 1404 825 1450 rum
856 1383 1249 1462 commixta,
1288 1403 1429 1450 non
1468 1401 1702 1449 veram
1751 1384 2268 1472 Aristophaneae
2300 1381 2552 1450 indolis
2583 1401 2692 1450 ex-

672 1491 903 1580 primit
929 1489 1325 1578 imaginem.
1360 1489 1566 1578 Cujus
1595 1489 1846 1558 frustra
1870 1492 1961 1558 ibi
1991 1491 2410 1558 alacritatem
2443 1495 2510 1557 et
2534 1489 2696 1556 soli-

670 1597 913 1664 tamin
948 1595 1270 1663 omnibus
1298 1595 1503 1663 rebus
1548 1597 1896 1665 lasciviam
1953 1598 2293 1686 requiras;
2362 1596 2696 1664 comicam

671 1703 875 1770 etiam
900 1701 1287 1768 facundiam
1315 1708 1383 1770 et
1420 1703 1812 1771 felicitatem
1849 1704 2128 1773 uberem
2146 1705 2403 1792 ingenii
2427 1701 2693 1770 deside-

671 1811 873 1878 rabis,
910 1810 1039 1878 Sed
1065 1809 1308 1878 eadem
1335 1816 1521 1890 aetaS,
1556 1810 1862 1880 adversis
1897 1813 2150 1891 civitati
2186 1809 2604 1878 instantibus
2629 1812 2696 1877 et

668 1923 1089 1986 commutato
1168 1937 1325 1984 cum
1418 1919 1776 1987 comoediae
1869 1917 2379 1987 conditionibus
2471 1920 2692 2004 poetae

671 2025 925 2102 animo,
963 2025 1293 2112 plurimas
1313 2023 1578 2092 fabulas
1619 2026 1797 2105 tulit,
1835 2046 1873 2092 a
1913 2025 2253 2115 prioribus
2285 2027 2696 2112 argumento

676 2129 1067 2209 dissimileS‚
1124 2129 1368 2199 eodem
1424 2151 1588 2199 vero
1647 2133 2003 2200 instinctas
2065 2132 2331 2222 spiritu,
2409 2148 2700 2217 quarum

671 2239 1055 2326 fragmenta
1103 2242 1372 2305 tantum
1420 2246 1794 2327 supersunt
1851 2263 1863 2305 :
1928 2239 2106 2307 inter
2187 2259 2357 2328 quas
2423 2240 2700 2318 Geryta-

677 2350 789 2411 des
828 2349 875 2425 ¹,
911 2345 981 2411 in
1010 2342 1405 2412 deridendis
1454 2345 1830 2432 aequalibus
1888 2346 2108 2435 poetis
2151 2349 2527 2424 versantes,
2564 2361 2704 2409 me-

678 2473 831 2520 rum
862 2452 1213 2524 comiciin
1264 2452 1600 2542 religiosis
1645 2452 1948 2522 ludentis
1997 2461 2065 2522 et
2126 2453 2212 2522 de
2269 2449 2706 2542 philosophia

678 2559 1057 2629 cavillantis
1087 2559 1562 2628 testimonium
1613 2561 2178 2651 suppeditabunt.
2223 2563 2319 2627 Ex
2351 2559 2458 2625 his
2515 2557 2702 2625 enim

679 2689 820 2735 non
848 2666 1399 2735 contemnendus
1438 2675 1751 2736 servatus
1783 2678 1889 2736 est
1921 2668 2136 2748 locus,
2180 2687 2318 2755 quo
2353 2671 2571 2754 poetae
2610 2663 2700 2731 de

676 2774 912 2841 inferis
942 2779 1201 2842 temere
1227 2774 1652 2843 somniantes
1705 2776 2283 2864 perstringuntur,
2337 2779 2405 2842 et
2459 2772 2704 2841 eadem

681 2882 997 2949 irrisione
1038 2887 1175 2949 tres
1205 2883 1722 2971 conjunguntur
1753 2883 1901 2961 viri,
1939 2882 2407 2949 mediocritate
2446 2878 2707 2967 ingenii

678 2988 962 3068 simileS,
1008 2988 1337 3077 religione
1366 2989 1650 3056 omnino
1686 2988 1937 3057 diversi
1995 3012 2008 3054 :
2067 2989 2399 3075 Sannyrio
2457 3003 2707 3073 nempe

678 3096 980 3165 comicus
1019 3097 1132 3185 qui
1166 3103 1381 3165 artem
1418 3116 1616 3164 suam
1636 3096 2053 3185 auspicatus,
2091 3095 2388 3163 multum
2417 3092 2701 3180 mytho-

684 3204 924 3294 logicae
949 3203 1328 3285 comoediae,
1361 3204 1742 3293 Epicharmi
1764 3202 1845 3270 ad
1875 3204 2292 3293 exemplum,
2323 3202 2604 3271 dederat
2639 3204 2705 3278 2;

680 3312 977 3380 Cinesias
1008 3310 1579 3399 dithyrambicuS,
1626 3331 1806 3399 saepe
1835 3331 1888 3377 a·
1912 3317 2147 3379 nostro
2179 3311 2466 3398 aliisque
2489 3310 2706 3377 laces-

676 3418 849 3486 situs
884 3423 936 3499 3,
981 3425 1127 3486 tum
1161 3426 1436 3508 propter
1469 3420 1770 3486 carmina
1821 3438 2031 3507 quum
2073 3418 2445 3508 impietatis
2475 3436 2702 3497 causa,

679 3526 795 3613 qui
826 3526 1177 3593 Socraticae
1207 3526 1517 3615 religioni
1552 3524 1824 3594 videtur
1860 3525 2073 3594 fuisse
2116 3524 2472 3605 addictus;
2517 3524 2710 3591 Meli·

680 3638 795 3699 tus
826 3631 1143 3718 denique,
1194 3632 1542 3721 tragoediis
1582 3632 1726 3700 fere
1773 3633 2078 3721 ignotus,
2112 3633 2406 3701 Socratis
2432 3631 2709 3721 'judicio

680 3737 1188 3806 celeberrimus.
1226 3739 1309 3805 Hi
1358 3758 1626 3819 omnes,
1683 3760 1806 3828 pro
1839 3759 1966 3807 suo
2014 3740 2290 3827 ingenio
2319 3746 2522 3826 atque
2553 3757 2716 3826 ope-

739 3954 756 3989 ¹
794 3956 1083 4009 Amsrorn„
1116 3953 1396 4012 Frayment.
1426 3953 1557 4011 (edit.
1596 3952 1775 4015 Didot)‚
1806 3968 1854 4014 p.
1883 3953 1973 4000 473
2000 3956 2048 4000 et
2075 3966 2177 4012 seq·

737 4033 761 4068 ²
795 4036 862 4081 De
892 4032 1205 4093 Sannyrione
1229 4032 1332 4080 vid.
1360 4034 1512 4091 Bona,
1544 4047 1627 4093 op.
1659 4034 1762 4090 cit..
1795 4036 1877 4091 111,
1905 4036 2012 4081 387.

740 4110 765 4146 ³
794 4113 867 4161 Cf.
894 4114 1090 4170 Ursum,
1130 4114 1350 4175 Fraym„
1394 4117 1471 4162 31.
1514 4114 1608 4171 Qui
1657 4114 1804 4163 illum
1847 4112 2181 4164 ἀηδέστατον
2215 4115 2263 4160 et
2299 4111 2715 4177 παρανομώτατον

680 4197 840 4245 vocat.
