3167 5125
1271 512 1595 569 —ua—

406 640 924 731 amplissimum
959 639 1270 729 assignat
1307 641 1587 709 Molitus
1614 664 1634 720 ;
1668 641 2171 731 Aristophanes
2192 664 2277 713 ex
2304 665 2447 714 cor»

409 749 634 837 ruptis
661 746 1220 816 adolescentibus
1271 766 1462 814 arma
1499 746 1645 816 fere
1690 750 1925 816 omnia
1980 749 2055 818 in
2098 751 2443 822 Socratem

412 859 774 923 mutuatus
809 859 937 921 est.
969 854 1268 921 Deorum
1292 854 1524 943 ipsum
1561 873 1799 923 curam
1836 855 1906 923 in
1935 856 2276 944 prioribus
2310 862 2445 927 Nu—

411 966 600 1029 bibus
627 980 771 1050 prae
794 980 874 1029 se
895 960 1142 1027 tulisse
1169 960 1411 1048 liquet,
1433 980 1588 1029 eam
1614 966 1847 1031 tamen
1873 982 2031 1051 quae
2052 964 2125 1045 in
2165 964 2443 1055 Olympi

407 1068 702 1136 archaici
735 1065 1211 1136 defensionem
1261 1068 1492 1155 inepta
1542 1088 1829 1156 prorsus
1856 1076 2261 1157 argumenta
2296 1078 2445 1141 sto·

411 1174 554 1242 lido
582 1174 732 1243 viro
759 1171 1179 1253 commodet,
1212 1194 1428 1261 quum
1477 1180 1719 1242 contra
1756 1174 1891 1243 tela
1936 1176 2008 1241 in
2050 1177 2291 1245 Jovem
2320 1179 2443 1246 So-

411 1284 614 1349 cratis
660 1280 925 1349 vibrata
965 1299 1182 1348 manu
1229 1280 1340 1347 vix
1389 1279 1783 1369 detorqueri
1846 1302 2049 1369 posse
2078 1282 2435 1364 videntum

411 1407 647 1476 neque
685 1406 766 1454 ea
821 1391 1017 1454 erant
1054 1407 1210 1474 quae
1257 1387 1530 1454 animes
1571 1386 2097 1457 Atheniensium
2120 1391 2443 1479 religiosa

411 1493 714 1582 quadam
751 1492 1214 1561 sollicitudine
1243 1499 1605 1582 tangerent
1642 1498 1690 1561 ¹.
1740 1494 1904 1573 Quis
1954 1496 2169 1564 risum
2209 1502 2443 1567 tenere

410 1602 658 1681 valeat,
686 1600 840 1688 quis
867 1620 1011 1669 non
1025 1600 1212 1669 Jovis
1231 1600 1769 1671 imbecillitatem
1787 1622 1949 1671 eum
1978 1602 2251 1671 Socrate
2279 1604 2445 1673 velit

407 1707 604 1777 flocci
632 1706 880 1785 facere,
917 1706 1226 1775 doctrina
1261 1707 1378 1774 illa
1426 1706 1516 1777 de
1538 1707 1836 1778 tonitrus
1872 1715 1945 1777 et
1970 1708 2284 1777 fulminis
2312 1710 2440 1777 ori-

405 1817 570 1906 gine
597 1813 854 1894 audita,
895 1835 1052 1901 quae
1094 1815 1284 1883 velut
1341 1815 1618 1903 ancipiti
1682 1814 1913 1904 gladio
1964 1816 2035 1883 in
2082 1816 2437 1903 mytholo-

407 1924 594 2013 giam
625 1922 836 1991 simul
879 1926 1096 2009 'atque
1134 1920 1578 2009 physicorum
1636 1922 1995 1991 scientiam
2040 1926 2439 2011 grassatur?

409 2028 814 2097 Praesertim.
855 2048 1072 2116 quum
1127 2027 1456 2116 populare
1497 2027 1671 2097 illud
1714 2028 2037 2118 placitum
2102 2050 2240 2118 quo
2289 2050 2439 2118 per-

400 2138 542 2227 juri
587 2136 777 2205 Jovis
822 2136 960 2205 telo
979 2134 1166 2203 feriri
1220 2134 1640 2215 ferebantur,
1675 2142 1817 2207 tam
1853 2136 2081 2225 lepide
2128 2137 2439 2207 Socrates

409 2249 764 2332 retorquet
794 2246 848 2310 2.

495 2350 776 2418 Fabulae
803 2355 1042 2439 postea
1077 2347 1504 2418 retractando
1557 2348 2010 2438 propositum,
2070 2368 2151 2419 ea
2202 2356 2437 2419 mente

409 2463 490 2526 ut
513 2457 802 2525 crimina
825 2457 894 2524 in
918 2456 1142 2545 priore
1160 2455 1420 2544 prolata
1432 2461 1707 2544 urgeret
1726 2460 1795 2523 et
1821 2455 2243 2537 incenderet,
2264 2476 2435 2525 num

407 2566 578 2654 quid
609 2586 694 2634 ex
729 2566 844 2633 his
867 2564 1364 2654 Aristophanes
1401 2564 1716 2642 mutavit,
1737 2564 2011 2634 exacuit
2036 2568 2155 2634 aut
2184 2565 2432 2654 ampli-

407 2673 642 2741 ficavit
671 2671 846 2750 roni
871 2675 1106 2740 contra
1131 2669 1525 2758 praeclaram
1555 2669 1749 2738 illam
1776 2670 2135 2759 utriusque
2170 2691 2434 2741 sermo-

407 2779 522 2847 nis
557 2778 1075 2848 altercationem
1104 2778 1198 2846 ita
1228 2778 1639 2868 composuit,
1682 2785 1761 2847 ut
1818 2781 2195 2862 Inferioris,
2232 2777 2306 2846 id
2330 2785 2437 2848 est

412 2885 872 2976 philosophiae
885 2890 968 2953 et
984 2884 1384 2973 sophisticae
1411 2884 1938 2957 concluderetur
1956 2885 2239 2954 victoria
2272 2891 2324 2965 ³,
2361 2891 2439 2954 ut

413 2999 772 3079 Superiori
799 2993 1056 3080 optima
1083 2990 1366 3080 quidem
1390 2990 1478 3058 de
1519 2991 1817 3078 antiquis
1864 2992 2175 3059 moribus
2232 2993 2439 3060 verba

411 3101 743 3169 tribueret
773 3100 827 3179 4,
867 3098 1148 3166 ridicula
1167 3096 1813 3166 contra·et=omnino
1840 3096 2200 3165 delirantis
2230 3097 2317 3166 de
2340 3118 2437 3166 re-

408 3208 676 3298 ligiosis
713 3205 1090 3297 disciplinis
1124 3208 1464 3289 ;Inferior
1515 3223 1744 3272 sermo
1802 3203 2437 3296 impudentissimas

410 3315 758 3387 emitteret
821 3313 1200 3384 sententias
1271 3331 1426 3400 quae
1483 3310 1768 3380 demum
1836 3311 2071 3380 divina
2137 3311 2433 3402 quadam

409 3421 946 3510 comprobentur
993 3420 1393 3488 auctoritate
1425 3423 1478 3485 ⁵.
1520 3420 1764 3487 Nonne
1806 3417 1895 3486 de
1945 3417 2281 3488 industria
2330 3421 2431 3488 vi-

471 3635 492 3670 ¹
532 3634 684 3692 Nub„
707 3637 796 3682 365
825 3637 992 3693 etseq,
1015 3635 1206 3690 lime,
1232 3633 1422 3680 nimius
1444 3632 1663 3692 religiosi
1689 3632 1906 3682 Nubium
1933 3633 2170 3695 propositi
2193 3635 2440 3692 laudator,

411 3717 661 3766 comicum
699 3716 756 3762 in
791 3715 1126 3774 sophistarum
1154 3717 1316 3760 castra
1347 3712 1580 3760 transisse
1607 3714 1849 3762 concedit.
1891 3716 2041 3763 Arist.
2071 3716 2197 3772 vita,
2228 3715 2252 3778 ξ
2284 3717 2330 3763 7.
2363 3715 2436 3764 cf.

413 3798 630 3854 fflmn,
651 3799 725 3844 La
743 3792 956 3856 fflliyion
979 3791 1372 3852 dur-inopinam.
1396 3793 1547 3842 Reme
1569 3791 1651 3842 des
1672 3795 2045 3853 Dent-ubam,
2071 3799 2144 3844 1⁶⁸
2161 3797 2279 3845 aeut
2305 3799 2441 3854 1878,

411 3892 464 3938 p.
498 3881 610 3926 005.

474 3955 500 3990 ²
531 3955 683 4014 Nub„
711 3959 802 4004 395
831 3958 880 4003 et
905 3966 1009 4014 seq.

472 4032 498 4068 3
529 4034 682 4092 leid„
717 4037 853 4082 ¹102.

477 4113 502 4150 ⁴
533 4114 683 4176 Ibid„
717 4117 838 4162 1002
865 4116 913 4161 et
934 4125 1059 4174 seq„
1089 4115 1208 4164 1050
1237 4116 1286 4164 et
1311 4125 1415 4178 seq.

477 4195 504 4230 ⁸
535 4195 689 4254 lbra„
719 4197 857 4247 ¹080.
