3167 5125
1508 484 1839 574 '—68-

674 648 931 716 facetiae
951 667 1093 715 non
1120 645 1425 727 aberant,
1452 645 1836 734 agebantur
1873 649 1921 710 ¹.
1975 650 2356 728 Lysistratae
2405 645 2711 735 proposi-

675 762 825 823 tum
844 755 1061 822 multa
1077 774 1159 824 ex
1180 753 1882 843 Thesmophoriorum
1897 752 2399 822 consuetudine
2419 753 2710 821 traxisse

676 862 997 930 omnibus
1024 861 1283 950 patebit
1316 865 1383 927 2:
1418 880 1624 948 quam
1658 881 1741 928 ex
1783 861 1970 928 omni
1993 867 2186 949 parte
2211 861 2279 926 in
2319 861 2709 948 insequenti

673 969 901 1037 fabula
939 968 1432 1058 Aristophanes
1476 967 1834 1057 expressit.
1874 966 2271 1055 Euripidem
2303 988 2518 1056 quum
2549 967 2702 1045 sibi,

674 1077 1045 1145 mulierum
1076 1096 1373 1155 osorem,
1405 1073 1838 1143 irridendum
1873 1079 2313 1164 proponeret,
2349 1094 2490 1142 non
2518 1073 2710 1141 dubi-

673 1185 841 1253 tavit
887 1184 1123 1252 fanum
1162 1184 1417 1252 Cereris
1468 1201 1797 1265 reserare,
1851 1182 2016 1250 satis
2063 1187 2457 1251 reverenter
2517 1199 2706 1250 sacra

668 1291 997 1374 imitatae,
1064 1297 1131 1359 et
1185 1291 1536 1358 lasciviam
1599 1287 2000 1377 hujusmodi
2055 1288 2486 1357 solemnibus
2532 1308 2693 1377 pro-
2750 1285 2754 1289 ’

671 1400 914 1488 priam,
960 1400 1032 1465 in
1072 1403 1414 1486 quaestum
1439 1397 1604 1464 artis
1637 1417 1778 1463 suae
1811 1402 2098 1465 vertere.

759 1505 938 1574 Illud
970 1505 1053 1572 iis
1083 1503 1772 1572 animadvertendum
1813 1505 1962 1583 erit,
1999 1505 2118 1592 qui
2160 1523 2386 1575 mores
2416 1508 2638 1572 castos
2665 1523 2706 1570 a

671 1615 1000 1704 religione
1056 1613 1445 1702 sejungere·
1473 1612 1721 1691 nolint,
1757 1610 1942 1699 apud
1988 1609 2444 1679 Athenienses
2472 1609 2702 1677 libidi-

670 1743 839 1790 num
868 1719 1205 1789 illecebris
1234 1720 1414 1787 inter
1443 1738 1632 1786 sacra
1665 1717 1945 1786 concedi
1973 1719 2224 1785 locum.
2269 1717 2568 1785 Lascivis
2595 1736 2699 1786 ca.-

668 1827 1136 1897 villationibus
1158 1832 1224 1895 et
1253 1825 1571 1896 liberiore
1602 1825 1689 1894 ad
1719 1830 2037 1892 nostrum
2058 1822 2398 1912 judicium
2433 1829 2699 1914 specta-

668 1936 801 2004 culi
831 1942 1157 2023 apparatu
1189 1934 1443 2003 Cereris
1475 1913 1902 2022 majestatem
1947 1930 2184 1999 violari
2218 1929 2478 1999 nemini
2541 1952 2698 1998 suc-

668 2040 1005 2110 currebat.
1074 2033 1223 2108 Vel¹
1261 2040 1738 2127 antiquissima
1779 2031 2056 2107 'Cereris
2131 2036 2364 2104 fabula
2397 2041 2422 2084 3
2483 2037 2702 2104 filiam

614 2211 623 2224 ,
667 2149 1075 2236 requirentis
1128 2167 1267 2214 non
1312 2146 1563 2214 absunt
1612 2144 2029 2214 deverticula
2096 2144 2418 2233 quaedam
2471 2137 2724 2234 turpia'

672 2257 815 2344 (pro
856 2259 1090 2322 nostro
1118 2273 1319 2322 more.
1363 2254 1628 2343 loquor)
1693 2275 1844 2342 quae
1887 2255 2273 2321 Graecorum
2331 2273 2562 2335 nemo,
2622 2257 2700 2320 ut

670 2363 934 2452 opinor,
996 2382 1117 2450 per
1178 2360 1724 2450 indignationem
1776 2363 2067 2452 excepit.
2103 2363 2578 2451 Aristophanis
2619 2362 2702 2429 li-

654 2457 911 2551 centia,
952 2469 1167 2537 oculis
1206 2489 1348 2535 non
1386 2487 1597 2556 pauca
1639 2469 2062 2558 subjicientis
2101 2470 2172 2536 in
2222 2470 2474 2557 quibus
2505 2489 2698 2538 seve-

666 2579 831 2645 ritas
879 2568 1113 2645 nostra
1164 2574 1472 2656 offendit,
1528 2582 1789 2657 sancte,
1825 2577 1914 2645 sit
1971 2577 2170 2647 venia
2218 2578 2453 2658 verb0,
2492 2577 2700 2645 docu-

667 2691 901 2755 mento
949 2690 1355 2773 provocata,
1403 2682 1569 2751 item
1637 2684 2110 2752 excusabatur.
2155 2684 2337 2752 Infra
2398 2690 2698 2753 ceterum

665 2793 1149 2862 adnotabimus
1179 2812 1385 2879 quam
1448 2812 1616 2879 pure
1667 2796 1733 2858 et
1783 2797 1965 2861 caste
2013 2793 2083 2858 in
2150 2797 2695 2877 Thesmophoria-

667 2906 843 2967 zusc's
881 2900 1182 2968 comicus
1234 2898 1401 2967 deos
1452 2899 1709 2988 patrios
1741 2904 2053 2988 precatus
2091 2900 2221 2981 sit,
2275 2900 2501 2987 qualia
2552 2920 2690 2967 car-

666 3007 853 3075 mina
886 3006 1339 3075 sanctissimis
1370 3006 1677 3073 fontibus
1710 3005 1973 3075 detorta
2015 3028 2054 3073 a
2083 3008 2293 3075 choro
2343 3012 2692 3086 canantur,

663 3137 817 3205 quae
838 3115 1199 3183 sententiae
1239 3113 1324 3181 de
1359 3113 1488 3181 diis
1520 3115 1771 3203 impios
1803 3115 2294 3203 castigantibus
2344 3120 2411 3183 et
2450 3118 2694 3183 morta-

664 3220 749 3287 lia
832 3240 1036 3310 opera
1112 3220 1638 3291 observantibus
1699 3220 2178 3310 praedicentur.
2239 3222 2390 3290 Non
2451 3220 2697 3310 injuria

664 3328 732 3395 C.
779 3328 975 3397 Kock
1024 3328 1362 3397 affirmare
1403 3330 1712 3417 potuisse
1759 3328 2031 3397 videtur
2066 3330 2117 3407 4,
2167 3330 2237 3395 in
2293 3330 2422 3395 hac
2467 3329 2696 3396 fabula

725 3557 743 3591 ¹
780 3561 1089 3613 Cnnounnns.
1124 3563 1186 3607 De
1218 3559 1485 3615 meteorol„
1517 3563 1584 3618 11,
1616 3575 1665 3620 p.
1703 3564 1818 3619 112,
1853 3562 1906 3607 in
1941 3562 2340 3622 Thesmophoriis
2378 3563 2514 3609 haud
2551 3574 2690 3608 secus

661 3643 807 3699 atque
853 3640 908 3687 in
959 3640 1227 3687 Eleusiniis
1282 3640 1574 3700 popularem
1628 3640 1681 3687 in
1735 3642 1938 3689 modum
1980 3642 2184 3699 jocandi
2231 3654 2420 3689 morem
2475 3643 2690 3689 extitisse

663 3718 824 3765 tradit.

719 3797 743 3831 2
776 3798 1138 3845 Abstinentiam
1174 3801 1424 3861 praecipue
1454 3802 1525 3847 rei
1550 3814 1793 3860 venereae,
1828 3803 1960 3849 unde
1991 3802 2140 3850 totius
2167 3802 2352 3851 fabulae
2383 3802 2688 3862 propositum

660 3879 881 3926 defluxit.

720 3956 745 3991 3
775 3962 841 4005 In
864 3958 1057 4020 hymnis
1078 3960 1333 4009 homericis
1361 3962 1435 4021 (V,
1463 3964 1592 4021 202).
1622 3964 1786 4011 Iambe
1812 3962 2003 4011 facetiis
2031 3962 2243 4027 (χλεύῃς)
2272 3964 2456 4013 Cereris
2481 3966 2690 4009 conatur

661 4040 885 4087 animum
921 4042 1191 4099 remittere3
1218 4043 1411 4090 easdem
1446 4043 1614 4090 Baubo
1643 4046 1776 4103 apud
1803 4045 2033 4103 orphicos
2061 4044 2370 4091 lasciviorem
2399 4045 2451 4091 in
2484 4044 2688 4091 modum

659 4118 877 4167 adhibet.
906 4122 977 4169 Cf.
1015 4123 1224 4180 Lernen,
1252 4121 1511 4182 Aylaoph„
1540 4126 1630 4171 818
1657 4128 1704 4171 et
1733 4138 1834 4183 seq.
1868 4141 1878 4170 :
1913 4125 1972 4171 de
2001 4126 2168 4172 Baubo
2193 4128 2240 4171 et
2271 4124 2456 4171 Cerere.

718 4198 742 4233 ⁴
774 4200 1123 4260 Aristophanes
1152 4202 1261 4251 unct
1294 4202 1372 4251 die
1398 4205 1574 4252 Goetter
1605 4204 1686 4252 des
1724 4202 2110 4265 Volksylaubem‚
2136 4218 2185 4263 p.
2218 4208 2324 4253 100.
