3167 5125
1240 496 1562 555 -118-

385 626 456 689 et
496 620 736 710 viginti
768 621 968 689 annis
993 626 1150 710 post
1186 621 1643 711 philosophus
1680 620 2050 693 damnatus
2074 622 2226 703 fuit,
2270 642 2413 691 non

385 728 842 797 accusationis
869 735 1144 797 tantum
1173 728 1544 797 formulam
1573 728 1698 799 sed
1706 728 2019 816 judicum
2040 731 2243 799 etiam
2264 750 2419 799 sen-

387 835 674 903 tentiam
727 834 1009 905 videtur
1063 836 1520 925 suggessisse.
1553 836 1747 925 Quod
1786 838 1904 924 qui
1938 836 2087 905 fieri
2118 837 2420 926 potuerit

387 946 458 1009 et
494 948 836 1029 quatenus
865 943 1177 1010 excusari
1201 943 1346 1030 jam
1385 961 1570 1032 saepe
1598 948 1759 1011 ante
1810 964 1942 1011 nos
1978 941 2416 1011 animadver-

389 1042 546 1117 sum
569 1055 674 1118 est
704 1068 932 1137 neque
959 1049 1366 1138 ampliorem
1397 1050 1510 1117 hic
1559 1050 2165 1139 investigationem
2196 1050 2417 1137 requi-

388 1156 500 1223 rit.
531 1156 956 1244 Quicumque
993 1156 1256 1225 litteras
1291 1177 1548 1245 graecas
1576 1176 1721 1225 non
1752 1177 1875 1246 pro
1907 1157 2125 1225 nostri
2156 1162 2416 1246 tempo-

389 1264 486 1330 ris
512 1261 955 1353 opinionibus
983 1262 1108 1331 sed
1137 1264 1452 1331 restituta
1478 1263 1983 1354 praeterit-orum
2022 1262 2321 1351 imagine
2350 1269 2419 1330 et

389 1391 513 1459 pro
559 1371 896 1459 cujusque
947 1371 1167 1441 aetatis
1213 1370 1715 1440 consuetudine
1764 1372 2129 1461 explanare
2156 1370 2409 1451 solent,

390 1497 534 1545 non
561 1481 936 1565 potuerunt
957 1476 1123 1565 quin
1151 1477 1686 1565 Aristophanem
1732 1476 1821 1545 de
1858 1476 2157 1556 Socrate,
2210 1484 2287 1546 ut
2325 1477 2413 1545 de
2455 1558 2463 1565 ι

389 1584 860 1673 sophistarum
898 1583 1226 1673 principe,
1257 1583 1708 1672 judicantem,
1734 1585 1939 1653 sinon
1962 1605 2191 1655 errore
2222 1585 2417 1653 omni

389 1696 458 1758 at
493 1690 738 1759 saltem
779 1689 1110 1778 improbae
1160 1691 1510 1778 opinionis
1549 1691 1835 1759 crimine
1862 1690 2254 1761 liberarent.
2286 1692 2412 1769 Qui

391 1800 459 1865 in
497 1798 990 1887 philosophum
1021 1796 1444 1877 invehendo,
1479 1818 1655 1887 opus
1702 1818 1779 1867 se
1822 1798 2213 1887 reipublicae
2252 1798 2419 1867 utile

386 1906 702 1974 futurum
733 1911 802 1972 et
827 1905 1012 1989 sicut·
1031 1903 1120 1973 de
1150 1904 1498 1991 equitibus
1543 1907 1687 1973 suis
1718 1906 1951 1975 Cleoni
1986 1905 2417 1974 adversanti-

388 2011 519 2079 bus
543 2011 927 2101 profitetur,
963 2011 1198 2100 patriae
1233 2011 1538 2085 auxiliari
1586 2018 1793 2100 atque
1846 2012 2221 2101 gentilibus
2276 2012 2411 2086 diis

390 2118 698 2209 putabat.

483 2227 620 2293 Etsi
653 2224 998 2297 innumeri
1023 2230 1186 2293 sunt
1215 2225 1370 2296 libri
1389 2226 1643 2313 quibus
1662 2228 1950 2315 qnaestio
1977 2226 2089 2294 illa
2120 2228 2417 2303 illustra·

389 2340 525 2414 tur',
559 2339 630 2401 et
666 2332 757 2399 ita
787 2332 946 2399 trita
975 2338 1378 2419 argumenta
1403 2332 1727 2421 pleraque
1756 2339 1937 2413 ntea
1966 2333 2265 2420 amplius
2298 2354 2412 2399 ur-

391 2458 554 2530 gere
591 2437 1027 2508 fastidiosum
1057 2437 1169 2517 sit,
1207 2458 1424 2506 unum
1457 2440 1785 2507 tamenin
1820 2438 2112 2508 obscuro
2146 2438 2415 2507 videtur

391 2546 808 2617 remansisse
834 2568 852 2627 ;
883 2543 1071 2633 quod
1096 2543 1256 2632 quia
1281 2550 1466 2614 arcte
1503 2566 1660 2612 cum
1708 2544 1925 2615 nostri
1987 2543 2202 2615 libelli
2262 2566 2420 2634 pro-

393 2656 618 2748 posito
633 2653 956 2733 cohaeret,
985 2652 1389 2732 accuratiuS,
1416 2652 1695 2719 omissis
1716 2651 1891 2730 aliie,
1915 2652 2045 2720 erit
2083 2653 2425 2720 excutien-

393 2764 586 2832 dum.
633 2762 710 2829 In
765 2757 1256 2849 perpendenda
1297 2759 1775 2848 Aristophanis
1816 2779 1974 2826 cum
2022 2759 2293 2827 Socrate
2326 2758 2419 2826 si-

393 2870 704 2950 multate,
743 2867 960 2936 haeret
984 2865 1254 2932 animus
1285 2865 1752 2954 percontando
1783 2872 2017 2936 utrum
2066 2885 2186 2954 per
2217 2865 2422 2934 totius

393 2979 556 3046 vitae
576 2983 888 3045 tenorem
915 2972 1220 3042 comicus
1245 2971 1560 3040 eamdem
1583 2973 1956 3043 servaverit
1980 2974 2417 3052 sententiam,

393 3106 482 3154 an
509 3083 758 3154 certior
785 3082 1006 3150 factus
1035 3079 1124 3148 de
1161 3079 1506 3151 socraticae
1537 3078 1895 3168 sapientiae
1952 3078 2016 3145 vi
2048 3083 2113 3145 et
2150 3077 2237 3146 de
2275 3099 2421 3146 ma-

395 3191 591 3282 gistri
619 3189 878 3268 indole,
909 3207 1134 3258 seram
1173 3186 1562 3275 conceperit
1622 3182 2093 3274 poenitentiam
2150 3189 2219 3250 et
2280 3202 2421 3250 cor-

397 3299 660 3367 rexisse
693 3296 1010 3375 voluerit,
1057 3299 1256 3362 aetate
1307 3300 1374 3361 et
1425 3291 1845 3380 experientia
1908 3287 2175 3368 doctuS,
2232 3287 2421 3376 quod

389 3405 682 3493 juvenili
707 3402 954 3472 ardore
979 3401 1303 3489 abreptus
1339 3407 1593 3467 temere
1655 3398 1975 3466 emiserat
2006 3395 2371 3485 judicium.

489 3513 575 3578 Ut
603 3512 750 3599 jam
785 3529 972 3576 nunc
1000 3506 1344 3575 obstantia
1373 3505 1605 3572 omnia
1655 3525 1737 3573 ex
1777 3504 2021 3572 itinere
2055 3509 2291 3582 nostro
2324 3521 2425 3570 re-

398 3637 829 3694 moveamus,
902 3620 1061 3704 post
1109 3617 1319 3679 Nubes
1377 3611 1630 3700 quibus
1685 3611 1979 3688 Socratis
2038 3609 2429 3680 continetur

395 3744 714 3802 censura,
759 3723 868 3790 bis
927 3720 1156 3791 adhuc
1183 3719 1269 3788 ab
1316 3718 1773 3808 Aristophane
1816 3718 1887 3786 in
1935 3716 2425 3806 philosophum

394 3834 680 3902 illusum
715 3837 844 3910 est,
881 3831 950 3896 in
984 3833 1226 3902 Avibus
1264 3845 1513 3914 nempe
1553 3833 1757 3913 atque
1786 3827 1858 3895 in
1894 3830 2096 3895 nanis
2134 3829 2183 3891 ¹.
2228 3825 2423 3912 Uter-

389 3961 529 4029 que
567 3940 764 4010 locus
807 3937 1138 4010 innoxius
1171 3933 1314 4004 fere
1346 3930 1733 4012 habendus,
1762 3951 1989 4018 neque
2036 3929 2176 3997 ullo
2216 3928 2427 3997 modo

451 4173 472 4208 ¹
512 4174 618 4230 Av„
649 4175 766 4220 1553
793 4177 839 4218 et
867 4183 969 4230 seq.
1005 4171 1152 4222 Han..
1185 4167 1305 4216 1482
1332 4172 1377 4223 et
1403 4179 1507 4226 seq.
