3167 5125
1678 544 1959 598 ...12-

803 688 993 747 nare,
1030 687 1368 737 novarum
1417 688 1649 737 rerum
1690 667 1893 737 taedio
1954 672 2023 737 et
2064 665 2313 735 erroris
2354 669 2567 733 metu.
2625 665 2724 731 Ita
2758 684 2831 733 se

805 796 948 847 rem
1003 774 1326 843 habuisse
1384 775 1568 864 apud
1597 775 2079 855 Athenienses,
2134 779 2289 863 post
2348 772 2602 840 Medica
2654 771 2830 839 bella

803 884 1098 972 antiquae
1147 882 1501 971 religionis
1552 888 1759 971 atque
1811 881 2187 970 disciplinae
2254 879 2629 969 patrocinio
2692 888 2831 945 tam

808 990 1126 1080 praeclare
1163 988 1492 1069 confecta,
1529 1010 1670 1057 non
1702 995 1806 1057 est
1844 987 2257 1056 mirandum.
2318 986 2831 1055 Recentioribus

805 1104 1033 1163 tamen
1064 1095 1148 1163 de
1182 1096 1648 1184 sophistarum
1678 1094 1959 1163 audacia
1989 1093 2511 1172 disserentibuS,
2549 1093 2829 1160 circum-

809 1208 1042 1290 specto
1069 1205 1175 1269 est
1192 1200 1451 1289 judicio
1478 1201 1817 1269 utendum
1856 1205 1904 1281 ¹,
1942 1203 2052 1271 vel
2082 1202 2235 1271 ideo
2275 1199 2459 1289 quod
2488 1198 2651 1267 inde
2682 1200 2829 1266 Pla-

809 1310 1035 1377 tonica
1071 1294 1402 1387 doctrina,
1441 1330 1596 1397 quae
1635 1309 1834 1377 sinon
1870 1315 2084 1377 totam
2128 1314 2195 1376 at
2248 1314 2429 1377 certe
2466 1308 2832 1377 maximam

812 1416 1110 1485 veritatis
1140 1423 1400 1506 partem
1443 1418 1509 1482 in
1545 1415 1797 1485 divinis
1846 1417 2305 1505 humanisque
2335 1416 2651 1505 dispexit,
2687 1435 2834 1504 pro-

793 1523 962 1617 fluit
995 1548 1008 1589 z
1042 1529 1109 1590 et
1138 1528 1382 1590 natura
1420 1523 1512 1590 ita
1541 1530 2009 1613 comparatum
2062 1529 2167 1591 est
2215 1530 2293 1590 ut
2330 1544 2519 1591 error
2568 1542 2837 1611 semper

807 1630 892 1697 ad
924 1630 1207 1698 rationis
1253 1637 1453 1697 rectae
1496 1632 1862 1720 imperium
1903 1630 2464 1699 constituendum
2511 1648 2828 1699 necessa-

811 1738 954 1807 rius
988 1738 1098 1805 sit.

903 1848 1147 1914 Parum
1198 1850 1428 1941 tamen
1471 1847 1540 1913 in
1575 1844 2102 1914 ‘commutandis
2144 1847 2534 1914 Graecorum
2580 1846 2837 1935 opinio-

811 1953 1021 2020 nibus
1048 1954 1446 2042 profecisset
1499 1953 1959 2042 philosophia,
2014 1954 2145 2020 nisi
2209 1953 2457 2041 vulgus
2504 1952 2836 2040 quodam·-

809 2060 1017 2128 modo
1052 2060 1402 2128 habuisset
1432 2060 1718 2139 socium,
1759 2061 1889 2127 nisi
1934 2060 2166 2149 patriae
2206 2060 2554 2149 religionis
2608 2061 2839 2148 inopia

811 2174 1014 2256 atque
1067 2168 1361 2235 inanitas
1427 2168 1841 2257 sapientium
1904 2167 2301 2256 disciplinas
2356 2188 2393 2235 e
2448 2167 2704 2236 scholis
2766 2167 2836 2233 in

812 2275 1065 2364 templa
1094 2280 1429 2343 vocasset.
1475 2277 1805 2365 Prospere
1854 2297 2011 2342 cum
2064 2274 2295 2342 omnia
2332 2274 2709 2343 succedunt
2770 2280 2837 2342 et
2942 2298 2947 2302 ·

772 2436 783 2445 .
814 2382 884 2449 id
912 2382 1130 2450 teneri
1169 2383 1324 2449 vitae
1353 2382 1768 2450 curriculum
1794 2388 2042 2470 potest,
2085 2384 2154 2450 in
2194 2402 2328 2470 quo
2384 2382 2839 2471 praesentibus

761 2491 766 2497 '
815 2489 1075 2579 abrepti
1125 2495 1193 2557 et
1223 2490 1384 2574 laeti,
1425 2508 1661 2557 curam
1724 2510 2003 2559 omnem
2048 2494 2251 2578 atque
2288 2490 2704 2557 anxietatem
2744 2489 2839 2558 ‘de

813 2599 1062 2666 futuris
1092 2618 1448 2666 removere
1479 2619 1874 2687 possumus,
1908 2597 2154 2686 exigua
2195 2617 2351 2686 pars
2396 2598 2613 2665 nostri
2669 2597 2841 2665 divi-

816 2723 1057 2772 narum
1116 2724 1342 2772 rerum
1407 2702 1633 2770 studio
1715 2703 2143 2791 relinquitur.
2235 2705 2841 2773 Verumenimvero

813 2810 1120 2878 adversis
1143 2809 1559 2878 instantibus
1581 2815 1649 2878 et
1670 2809 2087 2898 quotidianae
2112 2809 2405 2878 miseriae
2430 2812 2842 2899 praevalente

737 2909 746 2918 ”
819 2918 1254 3007 cogitatione,
1323 2938 1526 3008 supra
1595 2918 2097 2986 humanitatem
2150 2918 2456 2986 escendit
2516 2920 2837 2994 animus;

818 3024 903 3092 ad
961 3025 1131 3094 deos
1209 3046 1382 3114 quos
1466 3025 1598 3092 sibi
1672 3025 2030 3094 constituit
2096 3023 2469 3115 adjutoreS,
2528 3026 2845 3115 precibus

727 3121 738 3128 ’
818 3131 1124 3221 confugit
1159 3138 1208 3200 2.
1237 3133 1388 3200 Non
1410 3131 1788 3200 beatiorem
1814 3137 2081 3200 tantum
2102 3133 2334 3213 vitam,
2362 3133 2484 3200 sed
2506 3133 2845 3202 moriendi

819 3261 976 3307 cum
1038 3239 1529 3328 tranquillitate
1598 3260 1791 3328 spem
1852 3241 2109 3328 expetit
2139 3263 2155 3319 3
2214 3260 2366 3328 quae
2420 3241 2553 3308 nisi
2607 3241 2844 3330 religio

820 3345 1234 3435 suppeditat,
1261 3346 1522 3412 inutilis
1543 3344 1838 3414 videtur.
1866 3347 1966 3413 Ita
2009 3346 2275 3425 heroeS,
2321 3352 2559 3435 utpote
2585 3346 2845 3437 origine

821 3471 944 3519 sua
1005 3452 1274 3520 mortali
1345 3453 1720 3520 conditioni
1796 3454 2171 3543 propioreS,
2246 3460 2317 3522 et
2369 3454 2654 3524 deorum
2715 3456 2846 3544 ipsi

819 3559 1152 3627 auxilium
1182 3560 1468 3648 experti,
1507 3560 1759 3629 divinis
1803 3567 1966 3628 sunt
2027 3562 2407 3630 honoribus
2446 3563 2841 3632 consociati.

821 3666 919 3733 Ita
950 3673 1198 3735 exterae
1262 3667 1809 3756 superstitiones»,
1871 3669 2176 3738 novitate
2232 3668 2839 3749 commendabileS,

817 3773 1114 3862 antiquis
1138 3779 1206 3840 et
1235 3773 1607 3862 gentilibus
1628 3774 1841 3848 ,sacris
1874 3776 2428 3844 commiscentur.
2466 3776 2840 3845 Circumvi-

881 3977 900 4011 ¹
940 3980 1009 4026 Ita
1035 3953 1327 4036 judicarunt
1365 3979 1650 4038 peritissimi
1686 3982 1743 4029 in
1774 3982 1951 4030 litteris
1990 3983 2165 4042 graecis
2193 3981 2436 4043 magistri.
2478 3981 2591 4031 Vid.
2624 3986 2846 4042 praesert.

818 4058 1006 4115 (ino-ru,
1039 4058 1158 4105 Hist.
1195 4057 1254 4106 de
1274 4056 1327 4105 la
1353 4058 1515 4116 Grave,
1551 4065 1582 4108 t.
1614 4063 1717 4118 XII,
1751 4065 1836 4109 169
1858 4065 2027 4122 etseq.
2054 4062 2143 4112 Cui
2170 4063 2437 4110 assentitur
2460 4063 2641 4118 Lunna,
2673 4059 2844 4123 Popul.

824 4137 1088 4200 Aufsaetza
1122 4137 1230 4186 411.

883 4214 906 4248 ²
942 4218 1014 4266 Cf.
1048 4218 1204 4267 Etude
1225 4230 1316 4268 sur
1338 4218 1404 4268 les
1432 4217 1647 4280 demna,
1673 4223 1752 4270 ch.
1783 4223 1863 4270 lv.
