3167 5125
704 652 930 722 ¹cisset
968 651 1403 742 principium,
1434 669 1676 719 eorum
1707 649 1960 740 scripta
1988 669 2128 718 non
2155 668 2298 718 uno
2324 653 2595 718 tantum
2621 647 2752 716 sub

728 760 1057 850 adspectu
1112 778 1265 827 esse
1315 756 1686 847 judicanda
1745 757 1869 826 sed
1929 776 2051 848 pro
2113 756 2339 826 variis.
2363 756 2523 824 vitae
2547 761 2755 844 atque

728 866 949 935 aetatis
1000 865 1321 948 fortuniS,
1356 865 1888 954 Aristophanem
1927 864 2162 933 docuit
2210 862 2298 932 ad
2347 870 2620 952 tempus
2647 881 2756 930 ar-

729 980 868 1042 tem
900 991 1095 1040 suam
1124 969 1483 1050 direxisse,
1521 991 1665 1040 non
1693 989 1864 1059 vaga
1892 971 2173 1060 quidem
2207 977 2278 1040 et
2307 970 2566 1039 incerta
2611 970 2755 1059 opi-

726 1080 935 1148 nione
994 1077 1353 1168 abreptum
1414 1111 1437 1142 e
1496 1091 1633 1168 πρὸς
1691 1091 1784 1147 τὸν
1836 1091 2206 1169 dupino-vra
2253 1099 2443 1166 τοῖχον
2481 1090 2539 1162 ¹,
2593 1111 2616 1142 ι
2675 1083 2756 1144 Ut

728 1186 1214 1266 TherameneS,
1268 1183 1392 1252 sed
1430 1183 1596 1252 honi
1635 1185 1806 1252 civis
1841 1191 1914 1254 et
1950 1186 2289 1274 ingeniosi
2323 1185 2452 1253 viri
2492 1182 2754 1274 judicio

726 1295 798 1360 in
824 1299 970 1362 toto
1000 1292 1159 1361 vitae
1186 1297 1425 1361 tenore
1474 1311 1704 1372 usum,
1740 1291 1834 1359 ita
1871 1297 1948 1360 ut
1985 1311 2258 1382 semper
2291 1291 2365 1359 in
2395 1288 2754 1359 comoediis

726 1400 873 1468 suis
902 1419 983 1468 ea
1010 1399 1307 1468 elevaret
1330 1404 1451 1468 aut
1478 1418 1558 1468 ex
1568 1397 1842 1468 tolleret
1866 1419 2022 1488 quae
2045 1399 2231 1468 bono
2251 1398 2528 1489 publico
2557 1403 2628 1466 et
2653 1397 2754 1466 ci-

650 1545 655 1550 ·
730 1506 959 1575 vitatis
992 1505 1194 1574 saluti
1228 1505 1613 1574 conducere
1655 1504 1785 1573 sibi
1835 1505 2258 1575 viderentur.
2721 1569 2730 1577 .

818 1614 965 1681 Jam
998 1633 1183 1681 nunc
1207 1611 1648 1682 retinendum
1672 1617 1778 1681 est
1805 1631 1846 1680 a
1876 1613 2232 1703 principi0,
2267 1631 2360 1682 ne
2389 1618 2594 1680 ruant
2625 1611 2752 1679 hu-

719 1723 836 1810 jus
866 1720 1093 1808 operis

1698 1854 1986 1910 subductis
2013 1858 2163 1910 tecta
2201 1855 2501 1925 columnis„

722 2031 1075 2094 auctorem
1112 2028 1429 2105 Nubium,
1468 2025 1598 2092 sub
1641 2026 1800 2096 vitae
1851 2026 2064 2094 finem
2123 2024 2195 2092 in
2251 2023 2749 2094 Socraticorum

722 2131 1178 2200 familiaritate
1215 2130 1468 2200 vixisse
1496 2138 1567 2199 et
1605 2132 1900 2200 comicas
1932 2151 2094 2200 suas
2113 2131 2398 2200 facetias
2423 2129 2747 2220 gravissi·

727 2239 859 2305 mis
878 2237 1155 2306 illorum
1186 2238 1547 2306 miscuisse
1570 2237 2040 2319 sermonibus;
2063 2236 2746 2308 commemorandum

725 2364 1003 2433 quoque
1056 2342 1409 2426 Platonem
1476 2343 1563 2412 de
1617 2351 1857 2413 nostro
1909 2345 2252 2436 optimum
2305 2343 2490 2412 haud
2533 2342 2750 2411 semel

724 2452 1037 2520 emisisse
1060 2450 1394 2541 judicium
1430 2455 1487 2532 2,
1520 2456 1595 2519 et
1631 2451 2164 2520 honestissimas
2200 2450 2298 2520 illi
2337 2453 2424 2543 in·
2446 2449 2750 2519 celeber-

720 2559 895 2627 rimo
930 2562 1241 2627 Convivii
1269 2557 1543 2649 dialogo
1580 2566 1810 2649 partes
1853 2557 2201 2629 tribuisse.
2241 2555 2433 2627 Unde
2457 2578 2601 2626 non
2637 2576 2746 2625 so-

722 2666 871 2733 lum
899 2672 1123 2755 potest
1150 2666 1381 2756 colligi
1434 2667 1666 2735 nullas
1717 2668 1886 2756 jam,
1931 2666 1988 2734 si
2045 2686 2204 2755 quae
2259 2684 2567 2755 unquam
2593 2664 2748 2733 fue-

721 2777 909 2851 runt,
942 2773 1011 2839 in
1042 2773 1337 2839 Socratis
1369 2790 1754 2854 censorem,
1784 2774 2097 2863 piissimo
2123 2772 2461 2862 discipulo
2480 2790 2748 2841 reman-

724 2877 897 2946 sisse
926 2878 1339 2959 inimicitiaS,
1394 2877 1516 2946 sed
1571 2879 1751 2949 inter
1794 2886 2068 2969 poetam
2116 2879 2749 2970 philosophumque

720 2986 1119 3056 communia
1148 2986 1469 3074 quaedam
1508 2986 1726 3057 fuisse
1751 2987 2001 3071 studia,
2030 2990 2132 3058 ita·
2149 2994 2230 3057 ut
2257 2987 2565 3057 comicus
2593 3006 2746 3055 sua—

720 3094 934 3162 vitate
958 3094 1217 3183 ingenii
1238 3094 1725 3183 gravissimum
1753 3096 1976 3165 virum
2020 3095 2414 3177 delectaret,
2448 3096 2598 3185 ipse
2633 3112 2746 3163 se-

718 3200 817 3267 ria
867 3200 1081 3269 multa
1128 3199 1469 3269 edisceret
1528 3221 1826 3289 quornm
1881 3204 2171 3292 vestigia
2197 3204 2271 3271 in
2302 3202 2564 3271 ultimis
2597 3201 2748 3290 ejus

716 3307 968 3376 fabulis
994 3306 1419 3397 deprehendi
1442 3316 1760 3400 possunt.
2231 3305 2234 3309 ’

708 3484 717 3491 ,
808 3418 1315 3505 Anaxagoram,'
1340 3414 1729 3497 Prodicum,
1775 3416 2172 3506 Euripidem
2210 3416 2564 3507 sapientiae
2595 3416 2746 3485 fau-

718 3527 965 3602 torem,
1000 3523 1341 3595 Socratem
1372 3528 1443 3590 et
1480 3528 1750 3591 ceteros
1780 3524 1964 3593 viros
1979 3526 2098 3613 qui
2125 3525 2599 3615 sophistarum
2625 3529 2748 3591 aut

784 3758 802 3794 ¹
830 3762 972 3821 Rau„
1009 3760 1099 3810 534
1124 3766 1171 3810 et
1192 3774 1295 3823 neq.

782 3838 807 3874 ⁸
838 3841 1157 3891 notissimum
1185 3847 1259 3891 est
1280 3844 1592 3905 epigramma
1615 3863 1630 3895 a

1060 3935 1123 3997 A}
1148 3933 1349 3999 Χάριτες
1372 3934 1571 3997 τέμενός
1595 3954 1646 3987 τι
1675 3939 1862 3998 Mdv,
1885 3938 2013 4005 ὅπερ
2045 3938 2154 4005 οὐχὶ
2178 3944 2402 3991 πεσεῖται

1062 4013 1319 4077 Διζὸμεναι
1348 4016 1508 4081 ψυχὴν
1534 4016 1678 4083 εὗρον
1718 4016 2112 4083 Ἀριστοφάνους.

777 4113 1098 4182 (onumen.
1122 4113 1229 4160 Vita
1252 4111 1401 4173 Plat.)
1428 4116 1495 4162 De
1516 4129 1618 4175 quo
1642 4118 1748 4166 vid.
1775 4119 2069 4176 Romana,
2095 4130 2175 4178 op.
2202 4118 2308 4176 cit„
2336 4120 2411 4175 18,
2438 4121 2485 4165 et
2509 4118 2560 4166 G.
2586 4118 2741 4179 Kocx,

722 4207 807 4253 op.
843 4194 949 4250 cit„
978 4194 1053 4241 ⁷2.
1082 4192 1301 4243 Cormn't
1324 4194 1411 4241 hic
1429 4194 1676 4257 διζόμεναι
1697 4202 1752 4245 οι
1771 4197 1971 4256 scrip-it
1997 4201 2245 4257 ζητοῦσα.
