3167 5125
697 638 1144 710 eommixtam
1179 638 1586 720 doctrinam,
1626 640 1849 729 qualis
1910 640 1996 707 ab
2028 638 2369 730 OrphiciS,
2426 640 2728 708 Onoma-

645 802 655 807 -
699 750 870 818 crito
911 753 1210 829 auctore,
1249 754 1317 817 et
1345 746 1793 836 Pythagoreis
1846 752 2175 815 exornata
2226 745 2473 827 fuerat,
2512 747 2726 837 profi-

700 856 1022 925 tebantur
1039 878 1059 937 ;
1110 876 1278 944 quae·
1301 876 1460 923 cum
1517 852 1857 942 corrigere
1907 853 2135 942 potius
2172 860 2243 923 et
2305 854 2725 944 amplificare

695 966 1010 1032 veterum
1039 962 1284 1052 placita
1317 980 1524 1049 quam
1559 959 1891 1028 damnare
1916 960 2314 1040 conabatur,
2348 962 2418 1028 in
2449 961 2724 1030 turbato

697 1069 816 1138 illo
857 1070 1250 1137 animorum
1288 1075 1460 1136 aestu
1491 1074 1560 1136 et
1602 1067 1879 1156 ancipiti
1946 1067 2369 1137 divinorum·
2398 1067 2725 1143 sollicitu-

699 1176 884 1256 dine,
915 1177 1254 1266 optimum
1311 1176 1444 1265 piis
1495 1174 1849 1243 mentibus
1916 1175 2263 1264 praebebat
2304 1175 2723 1265 perfugium.

679 1286 831 1352 -Alii
864 1284 1278 1362 lonicorum,
1339 1289 1414 1350 ut
1451 1283 1925 1361 nominantur,
1989 1281 2207 1349 innixi
2265 1284 2613 1371 principiis
2658 1289 2728 1351 et

701 1392 950 1461 rationi
981 1395 1250 1458 tantum
1271 1388 1523 1457 addicti
1575 1388 1941 1477 magistrae,
1980 1408 2189 1457 suam·
2212 1408 2247 1457 a
2288 1391 2530 1479 priscae
2558 1396 2726 1457 aeta-

697 1501 786 1568 tis
816 1499 1160 1569 erroribus
1199 1499 1292 1565 ita
1320 1501 1771 1587 segregarunt
1798 1495 2009 1564 fidem
2042 1502 2117 1563 ut
2146 1496 2409 1563 nullam
2445 1497 2725 1585 sapien-

699 1606 809 1673 tiae
837 1626 992 1672 cum
1025 1604 1514 1693 superstitione
1545 1604 1943 1671 societatem
1996 1619 2149 1671 esse
2200 1602 2489 1683 vellent,
2520 1609 2591 1672 et
2638 1601 2727 1672 de

695 1714 964 1802 integro
989 1713 1244 1801 templa
1291 1732 1414 1781 sua
1459 1718 1820 1781 censerent
1874 1710 2297 1790 aedificanda,
2342 1711 2550 1778 unius
2594 1731 2724 1778 nu-

689 1820 902 1887 minis
943 1818 1230 1887 fundata
1259 1820 1729 1908 persuasione,
1768 1839 2064 1907 quorum
2112 1816 2403 1886 aditum·
2440 1837 2581 1900 non
2612 1838 2723 1885 ar-

695 1926 947 1992 eha‘ieae
985 1930 1254 1991 tantum
1284 1924 1637 2013 religionis
1664 1923 2068 2005 fautoribus,
2095 1924 2217 1993 sed
2242 1923 2429 1993 illius
2448 1944 2725 2013 quoque

695 2032 1164 2115 cui-orphismi
1208 2051 1462 2099 nomen
1501 2030 1799 2099 inditum
1824 2036 1953 2111 est,
1991 2032 2435 2121 denegarent.
2467 2031 2722 2101 Ambas

690 2137 845 2203 illas
877 2137 1214 2225 ieligiosae
1243 2138 1597 2226 sapientiae
1625 2138 1883 2205 formas
1914 2139 2007 2206 ita
2024 2140 2299 2207 vexavit
2331 2138 2726 2228 Aristopha-

697 2263 845 2323 neS,
881 2248 956 2309 ut
987 2243 1312 2331 piissimae
1340 2262 1641 2311 maxime
1664 2243 2007 2325 llluderet
2044 2247 2103 2314 ei
2156 2265 2321 2314 vero
2350 2264 2558 2333 quam
2597 2264 2721 2333 pro

695 2348 881 2417 illius
917 2350 1252 2439 temporis
1275 2324 1535 2439 J'udicio
1557 2370 1721 2419 vere
1750 2352 2031 2441 impiam
2060 2352 2435 2421 nominare
2436 2352 2622 2432 licet,
2649 2352 2719 2419 in

697 2459 934 2525 multis
964 2457 1314 2527 videretur
1347 2458 1687 2526 assentiri.

785 2566 1099 2632 Vidimus
1138 2567 1279 2655 jam
1341 2567 1756 2634 recentiores
1816 2565 1987 2635 deos
2062 2589 2359 2656 quorum
2408 2568 2724 2662 religioni

695 2672 1198 2761 posthomerica
1275 2658 1440 2740 aetas
1516 2673 2021 2742 incrementum
2104 2675 2315 2754 dedit,
2390 2677 2715 2750 Hermen,

695 2779 1035 2846 Bacchum
1061 2787 1266 2866 atque
1300 2780 1656 2848 Heraclem
1704 2781 1947 2848 acriter
1995 2782 2352 2850 lacessitos
2388 2806 2404 2862 ;
2448 2783 2519 2849 in
2546 2803 2722 2870 quos

696 2886 942 2976 probra
982 2886 1198 2953 multa
1217 2893 1421 2975 atque
1455 2887 1759 2954 convicia
1788 2889 2156 2976 congessit,
2188 2889 2381 2978 quasi
2411 2889 2721 2978 indigna-

694 3000 882 3063 retur
915 2994 1028 3062 ·his
1057 2994 1549 3062 recentioribus
1582 2994 1714 3063 diis
1745 2995 2081 3084 Apollinis
2122 2998 2581 3086 Minervaeque
2611 3018 2719 3074 ve,-

695 3101 997 3170 nerauda
1027 3107 1296 3190 sceptra
1333 3121 1371 3168 a
1405 3102 1644 3169 multis
1684 3101 1955 3170 deferri.
1992 3103 2143 3173 Non
2186 3103 2539 3192 vulgarem
2570 3111 2717 3171 tan-

693 3217 840 3276 tum
892 3207 1225 3298 orphismi
1280 3216 1570 3298 partem,
1638 3209 1762 3278 sed
1824 3210 2314 3299 sapientiorem
2369 3211 2601 3290 etiam,
2640 3229 2721 3278 ea

695 3335 945 3403 nempe
979 3313 1300 3404 dogmata
1320 3314 1570 3404 quibus
1590 3323 1899 3386 recentes
1934 3318 2238 3406 theologi
2260 3317 2526 3385 fabulas
2554 3337 2719 3406 prae-

693 3424 909 3491 teritae
938 3423 1156 3489 aetatis
1190 3422 1544 3490 tentabant
1581 3423 2009 3513 interpretari
2052 3431 2121 3492 et
2170 3425 2433 3493 ratione
2464 3425 2714 3513 proba-

692 3527 867 3594 biles
905 3526 1216 3610 reddere,
1255 3529 1322 3594 in
1355 3531 1685 3597 comicam
1731 3530 2071 3598 convertit
2113 3533 2497 3599 materiam.
2532 3533 2718 3599 Inter

693 3633 910 3700 multa
953 3634 1106 3715 alia,
1143 3655 1297 3723 quae
1353 3635 1569 3704 risum
1625 3637 1803 3705 ultro
1838 3639 2225 3727 potuissent
2266 3658 2569 3718 movere,
2604 3645 2715 3706 ut-

693 3746 852 3829 pote
893 3742 1402 3830 superstitionis
1439 3743 1853 3832 turpissimae
1903 3743 2175 3829 indicia,
2211 3745 2282 3811 in
2313 3743 2563 3832 quibus
2595 3744 2713 3812 de-

692 3845 1000 3914 ridendis
1040 3847 1465 3937 perditarum
1483 3850 1873 3920 fabularum
1901 3851 2213 3940 plurimae
2240 3851 2709 3930 versabantur,

668 3971 786 4023 ’ea
793 3954 1000 4044 elegit
1033 3955 1476 4062 orphicorum
1513 3957 1781 4049 placita,
1828 3958 2322 4026 comoediarum
2352 3976 2715 4062 argumen-

593 4119 597 4124 .
662 4054 792 4140 jtis
815 4061 1420 4146 accommodanda,
1448 4085 1613 4152 quae
1652 4063 1801 4147 fide
1832 4064 2237 4154 dignissima
2266 4070 2337 4132 et
2374 4064 2465 4134 ad
2494 4054 2712 4154 pieta-

688 4175 826 4238 tem
849 4169 1219 4239 fovendam
1248 4170 1613 4260 aptissima
1643 4178 1871 4240 sunt:
1914 4172 2301 4260 allegorice
2314 4149 2573 4241 scilieet
2594 4191 2711 4238 ex-
