3167 5125
1568 536 1888 592 —120-

716 665 895 734 vidae
953 663 1051 730 illi
1110 666 1178 730 et
1227 661 1610 751 splendida}
1661 662 1910 730 veteris
1973 660 2353 750 disciplinae
2409 661 2733 752 imagini,

716 773 1227 862 subjunguntur
1284 769 1503 850 Pelei,
1561 768 1877 838 Herculis
1920 769 2244 856 ,Iovisque
2285 769 2610 849 nomina,
2662 775 2740 836 ut

716 899 921 948 nemo
975 878 1041 944 in
1092 877 1365 945 theatro
1394 928 1409 956 ,
1462 875 1814 944 archaieos
1853 895 2080 944 mores
2131 874 2558 954 admirando,
2597 895 2738 944 non

716 986 881 1054 velit
928 985 999 1051 in
1042 983 1425 1052 arehaieam
1460 982 1674 1050 fidem
1716 981 1928 1050 verba
1949 982 2068 1048 illa
2094 981 2442 1051 Inferioris
2471 1003 2736 1051 sermo-

716 1093 826 1161 nis
858 1095 1115 1184 jactare
1150 1095 1171 1140 ¹
1202 1115 1218 1158 ε

994 1291 1213 1379 Α”ρχαιά
1244 1321 1300 1378 ’γε
1330 1302 1420 1358 καὶ
1450 1297 1742 1362 Διπολιὼδη
1772 1303 1863 1356 καὶ
1889 1302 2130 1376 τεττίγων
2163 1300 2438 1377 ἀνάμεστα

994 1402 1094 1456 Καὶ
1124 1397 1369 1462 Κηκείδου
1395 1401 1485 1456 καὶ
1506 1401 1811 1476 βουφονίων.

803 1633 866 1698 Si
906 1637 985 1698 ut
1006 1630 1387 1719 disciplinae
1412 1629 1664 1697 veteris
1690 1629 1784 1694 ita
1819 1633 1888 1696 et
1917 1628 2270 1717 religionis
2299 1627 2528 1696 studio
2550 1649 2737 1697 oom-

714 1744 946 1806 motus
973 1737 1217 1805 fuisset
1246 1736 1765 1825 AristophaneS‚
1797 1756 1939 1803 non
1961 1741 2190 1824 potest
2211 1735 2532 1816 dubitari,
2567 1757 2732 1824 quin

715 1845 922 1914 Meliti
962 1843 1510 1920 criminationem
1544 1863 1628 1912 ex
1665 1843 2002 1932 corruptis
2042 1844 2380 1932 juvenum
2433 1843 2740 1912 moribus

716 1954 1005 2042 petitum
1027 1953 1097 2018 in
1130 1971 1381 2019 novam
1426 1950 1729 2018 fabulam
1769 1950 2212 2029 assumendo,
2247 1961 2538 2041 δαιμονίοις
2563 1972 2738 2039 quo-

713 2055 847 2147 que
868 2079 1075 2133 καινοῖς
1105 2059 1433 2146 majorem
1474 2063 1659 2126 esset
1705 2057 1930 2124 locum
1977 2057 2284 2125 daturus.
2319 2059 2512 2135 Quod
2574 2061 2734 2147 quia

708 2166 905 2232 aliter
930 2165 1184 2231 factum
1216 2169 1343 2242 est,
1386 2165 1553 2230 satis
1587 2183 1708 2252 per
1735 2184 1812 2231 se
1837 2163 2157 2245 declarat,
2186 2166 2727 2254 Aristophanem

715 2271 1019 2338 noluisse
1077 2270 1148 2337 in
1193 2258 1766 2358 philosophorum
1813 2271 2236 2358 impietatem
2288 2272 2618 2359 grassari;
2669 2279 2740 2339 et

715 2377 956 2446 eodem
1014 2399 1150 2465 quo
1193 2377 1586 2466 Euripidem
1634 2397 2002 2467 aggressus
2057 2385 2162 2446 est
2207 2377 2441 2459 mode,
2485 2378 2740 2446 abillis

715 2491 981 2552 tantum
1030 2486 1408 2552 immutatae
1448 2483 1832 2574 disciplinae
1863 2490 1931 2552 et
1977 2486 2046 2551 in
2079 2487 2274 2575 pejus
2321 2486 2581 2553 ruentis
2633 2505 2734 2554 ra-

718 2594 973 2661 tionem
1015 2600 1324 2681 repetere
1376 2594 1732 2680 quaesiisse
1770 2616 1783 2658 :
1822 2593 1908 2659 de
1939 2592 2068 2659 diis
2101 2593 2313 2681 igitur
2359 2593 2580 2661 aliena
2607 2594 2738 2661 do-

717 2705 951 2765 centes
982 2698 1299 2766 absolvit.
1344 2700 1581 2786 Neque
1612 2698 1888 2766 obstant
1918 2718 2156 2766 versus
2179 2720 2356 2786 quos
2383 2699 2516 2767 sub
2549 2701 2742 2769 exitu

713 2806 993 2883 chorus,
1032 2804 1295 2893 abjecta
1332 2824 1455 2871 sua
1503 2824 1818 2893 persona,
1865 2804 2130 2873 tumido
2163 2826 2279 2873 ore
2317 2813 2386 2873 et
2419 2808 2740 2895 graviora

714 2930 969 2979 sonans
994 2911 1245 2979 emittit
1278 2915 1307 2959 2
1339 2936 1353 2977 ε
1386 2913 1551 3001 ἡμεῖς
1576 2930 1822 3002 ποιοῦμεν
1849 2912 2001 2981 ταῦθ’
2035 2926 2302 2998 ἑκάστοτε,
2329 2950 2383 2984 κ.
2412 2948 2465 2983 τ.
2501 2928 2548 2984 λ.
2613 2897 2618 2902 ’

1190 3105 1344 3183 ὅπως
1370 3116 1433 3176 ἂν
1466 3118 1575 3197 εἰδῇ
1607 3123 1731 3185 τοὺς
1753 3124 1899 3185 θεοὺς
1923 3119 2226 3179 δεδοικέναι.

799 3338 979 3435 Quos
1009 3378 1096 3426 ne
1134 3359 1312 3427 serio
1353 3359 1644 3425 nimium
1681 3359 2212 3447 interpretemur
2260 3368 2521 3441 monet,
2565 3384 2738 3451 prae-

710 3470 815 3531 ter
880 3468 1169 3531 Nubium
1215 3486 1600 3553 personam,
1652 3466 1820 3533 illud
1861 3465 2117 3533 comice
2158 3469 2440 3536 omnino
2477 3469 2545 3536 in
2594 3474 2734 3537 Ves-

701 3575 813 3657 pis
844 3592 883 3637 a
915 3572 1122 3639 choro
1155 3574 1225 3637 in
1255 3572 1708 3661 Bdelycleona
1733 3574 2058 3663 jactatum
2104 3577 2130 3619 3
2182 3602 2194 3643 :

1044 3768 1115 3837 ἵν’
1150 3778 1258 3857 εἰδῇ
1291 3787 1362 3858 μή
1393 3792 1577 3839 πατεῖν
1610 3786 1678 3841 τὰ
1710 3793 1832 3841 ταῖν
1863 3789 2014 3843 θεαῖν
2044 3787 2386 3865 ψηφίσματα.

770 4042 787 4077 ¹
822 4044 967 4105 Nub.,
996 4045 1105 4093 984.

770 4121 794 4156 ²
829 4123 980 4181 lbid„
1016 4125 1151 4174 1461.

769 4202 793 4236 ³
836 4205 987 4265 νειμ,
1020 4208 1127 4253 376.
