3167 5125
1274 493 1594 548 —113—

416 614 682 681 nationi
712 613 1043 696 dedisset,
1080 621 1148 683 et
1176 616 1289 682 vix
1315 617 1387 683 in
1425 617 1720 685 transitu
1760 619 1993 706 paucis
2049 618 2230 707 carpi
2261 617 2441 687 face-

418 721 557 801 tiis,
591 742 809 808 quum
840 727 1077 790 contra
1103 722 1467 810 AEschylus
1506 743 1646 791 non
1679 723 1906 791 solum
1953 725 2185 814 magni
2224 731 2442 814 poetae

418 832 487 894 et
516 827 971 896 informandis
1002 829 1311 897 moribus
1346 830 1689 898 utilissimi
1723 829 1844 898 sed
1890 832 2094 899 etiam
2125 832 2217 920 pii
2239 839 2442 920 atque

415 935 718 1024 religiosi
754 936 874 1004 viri
906 937 1185 1026 ingenio
1215 936 1764 1005 commendatur.
1801 937 1865 1004 Si
1895 957 2126 1006 curam
2151 937 2442 1006 deorum

418 1041 753 1110 sinceram
789 1043 1117 1132 gessisset
1142 1044 1662 1134 AristophaneS,
1699 1045 1806 1112 cui
1833 1065 2136 1133 unquam
2163 1066 2442 1135 persua·-

372 1197 388 1209 .
416 1148 561 1217 deri
594 1150 866 1238 poterit,
897 1151 1096 1218 illum
1124 1152 1301 1218 nihil
1330 1153 1553 1241 majus
1603 1173 1685 1221 ex
1733 1151 2073 1241 Euripidis
2111 1151 2442 1242 tragoedia

412 1256 715 1323 valuisse
769 1274 1171 1346 excerpere,
1220 1264 1297 1325 ut
1354 1259 1726 1347 impietatis
1795 1258 2051 1326 crimen
2121 1265 2431 1348 augeret,

414 1383 623 1449 quam
653 1367 1109 1454 temperatum
1156 1364 1353 1432 illum
1384 1364 1734 1442 ἀσῑδιώταις
1761 1399 1872 1434 τισι
1894 1381 2032 1442 θεοῖς
2054 1366 2311 1453 jocum,
2373 1370 2440 1434 et

422 1503 443 1532 ι
485 1478 676 1558 Ατθηρ,
708 1482 829 1558 ἐμὸν
852 1482 1103 1559 βόσκημα
1136 1505 1155 1534 a
1193 1491 1273 1538 ex
1297 1474 1740 1562 Anaxagorea
1768 1473 2051 1562 physica
2073 1471 2436 1561 depromp-

414 1585 563 1646 tum
604 1581 669 1644 ¹?
1056 1637 1061 1643 .

502 1685 803 1752 Facetias
832 1685 985 1753 illas
1014 1687 1278 1768 comici,
1332 1688 1754 1777 impietatem
1804 1688 2058 1777 tragice
2127 1686 2433 1775 philoso-

414 1792 693 1882 phantis
730 1792 1071 1881 Euripidis
1104 1795 1646 1884 perstringendo,
1689 1797 1746 1864 si
1799 1794 2114 1883 ejusdem
2153 1812 2421 1882 compa-

412 1919 647 1967 ramus
677 1899 846 1967 locis
876 1898 990 1966 ubi
1030 1921 1303 1968 morum
1336 1900 1593 1990 detegit
1622 1900 2105 1991 corruptelam,
2152 1899 2267 1967 ubi
2297 1919 2435 1966 ma-

412 2007 741 2096 gistratus
794 2007 1135 2076 instanter
1194 2007 1465 2076 videtur
1518 2007 1894 2078 admonere
1947 2027 2036 2076 ne
2098 2006 2438 2076 desidenti

413 2114 795 2204 disciplinae
840 2105 1248 2183 novatorum
1286 2125 1628 2205 praecepta
1686 2116 1992 2194 faveant,
2037 2114 2153 2182 ubi
2211 2120 2433 2182 morte

412 2221 702 2311 dignum
751 2241 905 2290 esse
943 2230 1177 2292 censet
1205 2230 1477 2312 poetam
1508 2225 1625 2312 qui
1666 2224 1934 2314 pejores
1974 2223 2156 2290 cives
2187 2222 2432 2291 effece-

412 2330 499 2397 rit
544 2336 615 2398 et
659 2330 1054 2418 ignaviores
1089 2335 1140 2409 2,
1190 2330 1309 2397 ubi
1366 2337 1637 2400 veteres
1699 2337 1893 2399 vates
1945 2335 2149 2418 atque
2188 2349 2430 2397 eorum

412 2437 829 2505 imitatorem
856 2437 1281 2525 AEschylum,
1318 2423 1457 2504 non
1500 2443 1776 2526 propter
1797 2437 2099 2514 honores
2129 2434 2214 2501 ab
2266 2436 2433 2524 ipsis

411 2545 724 2635 religioni
745 2543 1049 2614 redditos
1080 2544 1201 2613 sed
1231 2550 1505 2635 propter
1530 2542 1862 2612 moralem
1891 2541 2256 2612 utilitatem
2287 2541 2437 2611 lau-

414 2652 531 2719 dat
564 2656 616 2734 3,
661 2671 894 2721 nonne
942 2653 1381 2742 perspicuum
1439 2652 1571 2720 erit
1600 2651 1889 2720 deorum
1912 2669 2187 2718 causam
2217 2669 2253 2716 a
2287 2670 2437 2717 mo-

413 2780 567 2826 rum
600 2758 1062 2829 sollicitudine
1115 2760 1406 2849 sejungi,
1447 2766 1514 2827 et
1575 2757 2017 2847 Aristophani
2070 2756 2212 2837 fere
2249 2757 2439 2824 nulla

414 2867 561 2934 visa
606 2866 999 2935 communia
1063 2867 1241 2935 inter
1293 2867 1676 2955 simplicem
1724 2866 2063 2955 majorum
2111 2866 2435 2954 pietatem

408 2979 889 3063 austeramque
928 2973 1357 3063 disciplinam
1385 2980 1411 3041 ‘2
1440 2974 1515 3041 In
1544 2991 1679 3061 qua
1708 2993 1864 3040 cum
1914 2972 2238 3040 omnihus
2287 2973 2436 3059 ejus

412 3078 631 3146 aetatis
661 3078 1054 3147 auctoribus
1109 3078 1483 3157 consensit,
1522 3084 1590 3145 et
1647 3077 2001 3165 vulgarem
2049 3077 2436 3144 Graecorum

410 3184 808 3273 opinionem
838 3186 1193 3274 expressit,
1225 3186 1341 3273 qui
1372 3203 1779 3272 magnorum
1802 3184 2106 3251 virorum
2145 3183 2434 3251 virtutes

411 3291 718 3381 publicas
746 3293 1181 3381 privatasque
1208 3312 1348 3360 non
1372 3291 1455 3358 ad
1485 3291 1652 3359 deos
1675 3290 2062 3361 referebant
2093 3297 2428 3372 auctoreS‚

411 3399 531 3467 sed
566 3398 869 3467 humano
902 3420 1181 3488 prorsus
1226 3408 1295 3467 et
1324 3399 1504 3468 civili
1544 3398 1759 3466 fonte*
1788 3418 2107 3467 emanare
2151 3398 2433 3465 arbitra-

410 3504 660 3573 bantur
692 3506 744 3573 4.
829 3506 1269 3595 Disciplinam
1332 3506 1541 3595 igitur
1591 3524 1727 3593 qua
1774 3506 1926 3573 freti
1983 3504 2438 3573 Athenienses

410 3612 648 3679 Persas
697 3611 1101 3681 devicerunt
1155 3613 1651 3702 Aristophanes
1710 3612 2075 3681 retinuisse
2133 3611 2319 3693 velit,
2367 3617 2436 3679 et

410 3718 710 3808 Euripidi
752 3720 1077 3789 acerrime
1108 3718 1510 3789 adversatur
1560 3718 1746 3807 quod
1787 3719 2089 3807 antiquis
2127 3716 2434 3786 moribus

472 3924 488 3959 ¹
526 3927 671 3985 Rau„
698 3929 789 3973 aas
812 3931 985 3987 etseq,

469 4003 492 4038 ²
526 4005 676 4067 Ibid„
708 4010 845 4055 1012.
880 4008 951 4056 cf.
974 4008 1124 4073 Nub„
1150 4009 1267 4057 1376
1298 4012 1346 4055 et
1374 4020 1475 4067 seq.

468 4084 491 4118 3
524 4086 673 4144 Ibid.‚
710 4090 825 4135 1021
860 4092 1034 4148 etseq.

456 4162 492 4201 ¹⁴
526 4168 714 4227 Dequo
740 4169 843 4216 vid.
874 4170 1198 4222 VALKENAER,
1232 4134 1384 4228 Orat„
1420 4170 1527 4217 234.
