3167 5125
1330 485 1614 538 -41—

540 607 668 687 Qui
693 608 900 676 fuerit
927 607 1187 675 Sabazii
1207 607 1394 675 illius
1424 608 1651 676 cultus
1676 614 1746 674 et
1774 628 1894 675 cur
1923 608 2120 675 illurn
2148 626 2187 675 e
2216 608 2491 677 civitate

451 717 853 807 pellendum
903 717 1250 787 censuerit
1287 717 1786 807 Aristophanes
1829 738 1913 785 ex
1945 736 2147 785 versu
2180 716 2297 783 illo
2343 719 2489 783 Ves-

449 848 706 911 parum
757 831 983 915 potest
1028 825 1280 915 colligi,
1335 846 1476 913 quo
1524 826 1859 913 Xanthias
1890 824 2329 913 compellanti
2364 825 2486 892 So-

453 935 626 1001 siam
665 940 734 1002 et
783 934 1205 1022 percontanti
1257 952 1422 1000 num
1483 932 1951 1020 Corybantum
2012 951 2205 999 more
2260 931 2487 1001 furere

453 1041 758 1131 incipiat,
795 1040 1250 1133 respondetur
1286 1045 1305 1089 ¹
1343 1066 1356 1107 :

855 1237 989 1313 Οὔκ,
1029 1238 1144 1298 ἀλλ’
1175 1242 1341 1305 ὕπνος
1368 1239 1424 1319 μ’
1456 1240 1570 1317 ἔχει
1596 1262 1678 1305 τις
1703 1243 1757 1297 ἑκ
1784 1242 2072 1307 Σαὸαζίου.

541 1465 1204 1541 Commemorantur‚
1225 1461 1293 1527 ni
1315 1461 1537 1541 fallor,
1564 1462 1882 1530 bacchica
1900 1461 2087 1550 orgia
2106 1480 2189 1527 ex
2209 1457 2489 1527 Thracia

452 1570 886 1659 Phrygiaque
914 1570 1206 1637 Athenis
1234 1570 1524 1649 invecta,
1557 1590 1710 1657 quae
1731 1590 1881 1637 mos
1911 1574 2056 1637 erat
2081 1568 2261 1635 inter
2283 1567 2493 1654 tripu-

453 1677 588 1757 dia,
615 1684 684 1744 et
705 1685 904 1749 nocte
924 1676 1222 1756 favente,
1244 1677 1679 1765 turpissimas
1712 1678 2099 1765 voluptates
2120 1674 2483 1742 celebrare.

453 1782 809 1862 Quomodo
830 1783 1090 1851 cultum
1110 1783 1330 1861 illum,
1352 1783 1550 1852 bonis
1569 1783 1877 1852 moribus
1895 1782 2287 1858 adversum,
2310 1779 2490 1847 Aris-

455 1889 792 1979 tophanes
817 1910 942 1979 pro
965 1890 1170 1959 castis
1194 1898 1461 1979 patrum
1492 1890 1803 1957 moribus
1824 1897 1892 1957 et
1916 1887 2209 1978 simplici
2240 1888 2489 1976 pietate

453 2016 920 2087 propugnans,
959 1998 1392 2065 infamaverit
1433 2006 1502 2067 et
1551 1998 1871 2065 Minervae
1914 2016 2115 2085 opera
2148 1995 2485 2084 proscrip-

454 2106 642 2184 serit,
674 2124 814 2171 non
847 2105 1012 2172 satis
1043 2105 1288 2172 elucet.
1337 2106 1613 2171 Materia
1637 2104 1786 2194 ipsa
1816 2104 2074 2173 comica
2112 2108 2484 2169 consuetu-

454 2211 617 2301 dine
659 2210 934 2279 videtur
976 2212 1370 2293 abhorrere,
1427 2212 1495 2279 ni
1567 2219 1995 2301 compertum
2044 2210 2480 2288 haberemuS,

453 2320 564 2387 vel
607 2319 1016 2409 gravissimo
1063 2328 1470 2409 argumento
1503 2341 1620 2409 par
1668 2340 1820 2389 esse
1864 2316 2341 2406 Aristophanis
2373 2316 2481 2381 in-

453 2426 758 2514 genium.
1449 2440 1464 2457 ⁶

395 2525 404 2531 ’
544 2534 616 2600 In
691 2537 937 2600 Avium
974 2533 1203 2601 fabula
1250 2534 1336 2602 de
1375 2554 1508 2623 qua
1535 2534 1743 2622 ‚plura
1792 2533 1967 2600 infra
2022 2532 2474 2607 disserentur,

453 2640 776 2707 barbaros
802 2660 1044 2709 omnes
1071 2640 1236 2710 deos
1261 2641 1603 2711 notandos
1629 2647 1697 2710 et
1722 2639 2153 2709 infamandos
2184 2638 2471 2714 curavit,

453 2746 586 2814 sub
618 2747 1070 2816 Triballorum
1103 2749 1413 2828 nomine,
1447 2749 1635 2836 quod
1673 2749 1963 2817 Athenis
1994 2747 2295 2836 patriciis
2330 2746 2481 2814 hel—

453 2854 780 2922 luonibus
838 2854 981 2922 dari
1037 2855 1324 2924 solebat.
1389 2858 1649 2925 Horum
1710 2877 1891 2923 unus
1944 2875 2101 2922 cum
2159 2856 2477 2942 Neptuno
2520 2935 2526 2941 ¹

453 2967 658 3048 atque
703 2961 993 3028 Hercule
1043 2963 1310 3050 legatus
1357 2948 1875 3030 Nubicuculiam
1925 2962 2178 3030 missus
2227 2967 2333 3028 est
2393 2960 2479 3030 ab

453 3067 784 3155 Olympiis
821 3074 846 3117 2
879 3092 893 3133 :
933 3095 966 3130 «
997 3069 1180 3136 Sicut
1205 3069 1371 3138 olim
1396 3068 1716 3137 homines
1745 3075 1981 3145 tetrOS‚
2012 3069 2473 3158 importunOS,

451 3178 905 3257 truculentOS‚
934 3165 1283 3246 Ponitur-os
1312 3179 1539 3246 dicere
1559 3178 1873 3246 solebant
1898 3184 1967 3245 et
1999 3182 2262 3256 Tua-cas,
2294 3177 2481 3244 sirni-

450 3284 607 3354 liter
636 3285 793 3353 illos
825 3286 1168 3355 feroculos
1210 3288 1715 3375 (Athenienses)
1751 3293 2031 3375 propter
2059 3305 2288 3354 mores
2319 3303 2475 3352 vas-

454 3395 563 3464 tos
601 3397 670 3458 et
721 3392 1112 3461 inconditos
1149 3414 1188 3460 a
1221 3393 1529 3462 Triballis
1559 3394 2041 3461 denominatos
2060 3413 2240 3472 esse,
2270 3398 2476 3480 gente

452 3496 792 3565 feri⁰SSlma
819 3523 831 3565 Ξ
866 3515 974 3577 Οὓς
988 3513 1182 3577 πάντες
1203 3516 1358 3590 φασὶν
1385 3515 1681 3572 ἀπολλύναι
1704 3517 1765 3571 οὐ
1794 3514 1953 3591 μόνον
1980 3516 2104 3577 τοὺς
2132 3511 2359 3590 ὁμόρους
2385 3514 2477 3570 καὶ

449 3619 575 3679 τοὺς
591 3619 817 3679 πλησίον
834 3623 1128 3692 οἰκοῦντας,
1149 3623 1286 3677 ἀλλὰ
1304 3624 1536 3686 καὶτοὺς
1555 3620 1749 3686 ἄλλους
1766 3621 1901 3680 ὅσων
1926 3619 1989 3680 ἂν
2012 3624 2271 3698 ἐφικέσθαι
2288 3619 2479 3678 δύνων-

450 3743 540 3778 ται
576 3724 624 3781 3.
671 3747 690 3775 »
744 3714 1192 3784 Triballorum
1220 3737 1470 3786 nomen
1519 3737 1637 3806 per
1682 3728 1957 3810 παρῳδίαν
1984 3716 2478 3809 Aristophanes

509 3997 526 4032 ¹
589 3999 736 4058 vesp„
769 4003 843 4046 10.

511 4074 536 4110 ²
565 4081 675 4135 Av„
711 4083 830 4129 1565
861 4085 1030 4141 etseq.

510 4157 534 4194 ⁸
565 4161 713 4216 Isoc..
749 4162 946 4222 prunay„
978 4175 1022 4210 c.
1051 4166 1128 4212 89.
1161 4165 1232 4222 Cf.
1267 4167 1474 4225 Loricam,
1510 4166 1766 4230 Aylaoph„
1802 4171 1939 4228 1037,
